% Encoding: UTF-8

@article{Bringmann:2023opz,
	author = "Bringmann, Torsten and Depta, Paul Frederik and Konstandin, Thomas and Schmidt-Hoberg, Kai and Tasillo, Carlo",
	title = "{Does NANOGrav observe a dark sector phase transition?}",
	eprint = "2306.09411",
	archivePrefix = "arXiv",
	primaryClass = "astro-ph.CO",
	reportNumber = "DESY-23-077",
	doi = "10.1088/1475-7516/2023/11/053",
	journal = "JCAP",
	volume = "11",
	pages = "053",
	year = "2023"
}

@article{NANOGrav:2023hfp,
	author = "Agazie, Gabriella and others",
	collaboration = "NANOGrav",
	title = "{The NANOGrav 15 yr Data Set: Constraints on Supermassive Black Hole Binaries from the Gravitational-wave Background}",
	eprint = "2306.16220",
	archivePrefix = "arXiv",
	primaryClass = "astro-ph.HE",
	doi = "10.3847/2041-8213/ace18b",
	journal = "Astrophys. J. Lett.",
	volume = "952",
	number = "2",
	pages = "L37",
	year = "2023"
}


@article{Depta:2023qst,
	author = "Depta, Paul Frederik and Schmidt-Hoberg, Kai and Schwaller, Pedro and Tasillo, Carlo",
	title = "{Do pulsar timing arrays observe merging primordial black holes?}",
	eprint = "2306.17836",
	archivePrefix = "arXiv",
	primaryClass = "astro-ph.CO",
	reportNumber = "DESY-23-093, MITP-23-036",
	month = "6",
	year = "2023"
}

@Article{Bringmann:2023iuz,
  author        = {Bringmann, Torsten and Gonzalo, Tom\'as E. and Kahlhoefer, Felix and Matuszak, Jonas and Tasillo, Carlo},
  journal       = {JCAP},
  title         = {{Hunting WIMPs with LISA: correlating dark matter and gravitational wave signals}},
  year          = {2024},
  pages         = {065},
  volume        = {05},
  archiveprefix = {arXiv},
  doi           = {10.1088/1475-7516/2024/05/065},
  eprint        = {2311.06346},
  primaryclass  = {astro-ph.CO},
}

@article{Caprini:2018mtu,
	author = "Caprini, Chiara and Figueroa, Daniel G.",
	title = "{Cosmological Backgrounds of Gravitational Waves}",
	eprint = "1801.04268",
	archivePrefix = "arXiv",
	primaryClass = "astro-ph.CO",
	doi = "10.1088/1361-6382/aac608",
	journal = "Class. Quant. Grav.",
	volume = "35",
	number = "16",
	pages = "163001",
	year = "2018"
}


@article{Dimitriou:2023knw,
	author = "Dimitriou, Androniki and Figueroa, Daniel G. and Zaldivar, Bryan",
	title = "{Fast Likelihood-free Reconstruction of Gravitational Wave Backgrounds}",
	eprint = "2309.08430",
	archivePrefix = "arXiv",
	primaryClass = "astro-ph.IM",
	month = "9",
	year = "2023"
}

@article{Figueroa:2023zhu,
	author = "Figueroa, Daniel G. and Pieroni, Mauro and Ricciardone, Angelo and Simakachorn, Peera",
	title = "{Cosmological Background Interpretation of Pulsar Timing Array Data}",
	eprint = "2307.02399",
	archivePrefix = "arXiv",
	primaryClass = "astro-ph.CO",
	reportNumber = "CERN-TH-2023-132",
	month = "7",
	year = "2023"
}


@article{Domcke:2023bat,
	author = "Domcke, Valerie and Garcia-Cely, Camilo and Lee, Sung Mook and Rodd, Nicholas L.",
	title = "{Symmetries and Selection Rules: Optimising Axion Haloscopes for Gravitational Wave Searches}",
	eprint = "2306.03125",
	archivePrefix = "arXiv",
	primaryClass = "hep-ph",
	reportNumber = "CERN-TH-2023-093",
	month = "6",
	year = "2023"
}

@article{Babak:2023lro,
	author = "Babak, Stanislav and Caprini, Chiara and Figueroa, Daniel G. and Karnesis, Nikolaos and Marcoccia, Paolo and Nardini, Germano and Pieroni, Mauro and Ricciardone, Angelo and Sesana, Alberto and Torrado, Jes\'us",
	title = "{Stochastic gravitational wave background from stellar origin binary black holes in LISA}",
	eprint = "2304.06368",
	archivePrefix = "arXiv",
	primaryClass = "astro-ph.CO",
	doi = "10.1088/1475-7516/2023/08/034",
	journal = "JCAP",
	volume = "08",
	pages = "034",
	year = "2023"
}


@article{Domcke:2022rgu,
	author = "Domcke, Valerie and Garcia-Cely, Camilo and Rodd, Nicholas L.",
	title = "{Novel Search for High-Frequency Gravitational Waves with Low-Mass Axion Haloscopes}",
	eprint = "2202.00695",
	archivePrefix = "arXiv",
	primaryClass = "hep-ph",
	reportNumber = "DESY-22-017, CERN-TH-2022-010",
	doi = "10.1103/PhysRevLett.129.041101",
	journal = "Phys. Rev. Lett.",
	volume = "129",
	number = "4",
	pages = "041101",
	year = "2022"
}

@article{Domcke:2020yzq,
	author = "Domcke, Valerie and Garcia-Cely, Camilo",
	title = "{Potential of radio telescopes as high-frequency gravitational wave detectors}",
	eprint = "2006.01161",
	archivePrefix = "arXiv",
	primaryClass = "astro-ph.CO",
	reportNumber = "DESY-20-097, CERN-TH-2020-082",
	doi = "10.1103/PhysRevLett.126.021104",
	journal = "Phys. Rev. Lett.",
	volume = "126",
	number = "2",
	pages = "021104",
	year = "2021"
}

@article{Aggarwal:2020olq,
	author = "Aggarwal, Nancy and others",
	title = "{Challenges and opportunities of gravitational-wave searches at MHz to GHz frequencies}",
	eprint = "2011.12414",
	archivePrefix = "arXiv",
	primaryClass = "gr-qc",
	reportNumber = "CERN-TH-2020-185, HIP-2020-28/TH, DESY 20-195, CERN-TH-2020-185, HIP-2020-28/TH, DESY 20-195",
	doi = "10.1007/s41114-021-00032-5",
	journal = "Living Rev. Rel.",
	volume = "24",
	number = "1",
	pages = "4",
	year = "2021"
}

@article{Figueroa:2023xmq,
	author = "Figueroa, Daniel G. and Florio, Adrien and Torrenti, Francisco",
	title = "{Present and future of CosmoLattice}",
	eprint = "2312.15056",
	archivePrefix = "arXiv",
	primaryClass = "astro-ph.CO",
	month = "12",
	year = "2023"
}

@article{Chu:2018nki,
	author = "Chu, Xiaoyong and Garcia-Cely, Camilo",
	title = "{Core formation from self-heating dark matter}",
	eprint = "1803.09762",
	archivePrefix = "arXiv",
	primaryClass = "hep-ph",
	reportNumber = "DESY-18-040",
	doi = "10.1088/1475-7516/2018/07/013",
	journal = "JCAP",
	volume = "07",
	pages = "013",
	year = "2018"
}

@article{Baldes:2018emh,
	author = "Baldes, Iason and Garcia-Cely, Camilo",
	title = "{Strong gravitational radiation from a simple dark matter model}",
	eprint = "1809.01198",
	archivePrefix = "arXiv",
	primaryClass = "hep-ph",
	reportNumber = "DESY 18-155, DESY-18-155",
	doi = "10.1007/JHEP05(2019)190",
	journal = "JHEP",
	volume = "05",
	pages = "190",
	year = "2019"
}

@article{Colpi:2024xhw,
	author = "Colpi, Monica and others",
	title = "{LISA Definition Study Report}",
	eprint = "2402.07571",
	archivePrefix = "arXiv",
	primaryClass = "astro-ph.CO",
	month = "2",
	year = "2024"
}

@article{Hooper:2023nnl,
	author = "Hooper, Dan and Ireland, Aurora and Krnjaic, Gordan and Stebbins, Albert",
	title = "{Supermassive Primordial Black Holes From Inflation}",
	eprint = "2308.00756",
	archivePrefix = "arXiv",
	primaryClass = "astro-ph.CO",
	reportNumber = "FERMILAB-PUB-23-390-T",
	month = "8",
	year = "2023"
}

@article{Figueroa:2022iho,
	author = "Figueroa, Daniel G. and Florio, Adrien and Loayza, Nicolas and Pieroni, Mauro",
	title = "{Spectroscopy of particle couplings with gravitational waves}",
	eprint = "2202.05805",
	archivePrefix = "arXiv",
	primaryClass = "astro-ph.CO",
	doi = "10.1103/PhysRevD.106.063522",
	journal = "Phys. Rev. D",
	volume = "106",
	number = "6",
	pages = "063522",
	year = "2022"
}

@article{Bringmann:2023gba,
	author = "Bringmann, Torsten and Domcke, Valerie and Fuchs, Elina and Kopp, Joachim",
	title = "{High-frequency gravitational wave detection via optical frequency modulation}",
	eprint = "2304.10579",
	archivePrefix = "arXiv",
	primaryClass = "hep-ph",
	reportNumber = "CERN-TH-2023-065, MITP-23-017",
	doi = "10.1103/PhysRevD.108.L061303",
	journal = "Phys. Rev. D",
	volume = "108",
	number = "6",
	pages = "L061303",
	year = "2023"
}

@article{Milosavljevic:2002ht,
	author = "Milosavljevic, Milos and Merritt, David",
	editor = "Centrella, J. M.",
	title = "{The Final parsec problem}",
	eprint = "astro-ph/0212270",
	archivePrefix = "arXiv",
	doi = "10.1063/1.1629432",
	journal = "AIP Conf. Proc.",
	volume = "686",
	number = "1",
	pages = "201--210",
	year = "2003"
}

@article{NANOGrav:2023gor,
	author = "Agazie, Gabriella and others",
	collaboration = "NANOGrav",
	title = "{The NANOGrav 15-year Data Set: Evidence for a Gravitational-Wave Background}",
	eprint = "2306.16213",
	archivePrefix = "arXiv",
	primaryClass = "astro-ph.HE",
	doi = "10.3847/2041-8213/acdac6",
	journal = "Astrophys. J. Lett.",
	volume = "951",
	number = "1",
	year = "2023"
}

@article{Young:2014oea,
	author = "Young, Sam and Byrnes, Christian T.",
	title = "{Long-short wavelength mode coupling tightens primordial black hole constraints}",
	eprint = "1411.4620",
	archivePrefix = "arXiv",
	primaryClass = "astro-ph.CO",
	doi = "10.1103/PhysRevD.91.083521",
	journal = "Phys. Rev. D",
	volume = "91",
	number = "8",
	pages = "083521",
	year = "2015"
}

@article{Cotner:2017tir,
	author = "Cotner, Eric and Kusenko, Alexander",
	title = "{Primordial black holes from scalar field evolution in the early universe}",
	eprint = "1706.09003",
	archivePrefix = "arXiv",
	primaryClass = "astro-ph.CO",
	doi = "10.1103/PhysRevD.96.103002",
	journal = "Phys. Rev. D",
	volume = "96",
	number = "10",
	pages = "103002",
	year = "2017"
}

@article{Desjacques:2018wuu,
	author = "Desjacques, Vincent and Riotto, Antonio",
	title = "{Spatial clustering of primordial black holes}",
	eprint = "1806.10414",
	archivePrefix = "arXiv",
	primaryClass = "astro-ph.CO",
	doi = "10.1103/PhysRevD.98.123533",
	journal = "Phys. Rev. D",
	volume = "98",
	number = "12",
	pages = "123533",
	year = "2018"
}

@article{Ali-Haimoud:2018dau,
	author = {Ali-Ha\"\i{}moud, Yacine},
	title = "{Correlation Function of High-Threshold Regions and Application to the Initial Small-Scale Clustering of Primordial Black Holes}",
	eprint = "1805.05912",
	archivePrefix = "arXiv",
	primaryClass = "astro-ph.CO",
	doi = "10.1103/PhysRevLett.121.081304",
	journal = "Phys. Rev. Lett.",
	volume = "121",
	number = "8",
	pages = "081304",
	year = "2018"
}


@article{Belotsky:2018wph,
	author = "Belotsky, Konstantin M. and Dokuchaev, Vyacheslav I. and Eroshenko, Yury N. and Esipova, Ekaterina A. and Khlopov, Maxim Yu. and Khromykh, Leonid A. and Kirillov, Alexander A. and Nikulin, Valeriy V. and Rubin, Sergey G. and Svadkovsky, Igor V.",
	title = "{Clusters of primordial black holes}",
	eprint = "1807.06590",
	archivePrefix = "arXiv",
	primaryClass = "astro-ph.CO",
	doi = "10.1140/epjc/s10052-019-6741-4",
	journal = "Eur. Phys. J. C",
	volume = "79",
	number = "3",
	pages = "246",
	year = "2019"
}


@article{NANOGrav:2023hvm,
	author = "Afzal, Adeela and others",
	collaboration = "NANOGrav",
	title = "{The NANOGrav 15-year Data Set: Search for Signals from New Physics}",
	eprint = "2306.16219",
	archivePrefix = "arXiv",
	primaryClass = "astro-ph.HE",
	doi = "10.3847/2041-8213/acdc91",
	journal = "Astrophys. J. Lett.",
	volume = "951",
	number = "1",
	year = "2023"
}

@Article{Reardon:2023gzh,
  author        = {Reardon, Daniel J. and others},
  journal       = {Astrophys. J. Lett.},
  title         = {{Search for an Isotropic Gravitational-wave Background with the Parkes Pulsar Timing Array}},
  year          = {2023},
  number        = {1},
  pages         = {L6},
  volume        = {951},
  archiveprefix = {arXiv},
  doi           = {10.3847/2041-8213/acdd02},
  eprint        = {2306.16215},
  primaryclass  = {astro-ph.HE},
}

@article{Xu:2023wog,
	author = "Xu, Heng and others",
	title = "{Searching for the Nano-Hertz Stochastic Gravitational Wave Background with the Chinese Pulsar Timing Array Data Release I}",
	eprint = "2306.16216",
	archivePrefix = "arXiv",
	primaryClass = "astro-ph.HE",
	doi = "10.1088/1674-4527/acdfa5",
	journal = "Res. Astron. Astrophys.",
	volume = "23",
	number = "7",
	pages = "075024",
	year = "2023"
}





@article{Carr:2020gox,
	author = "Carr, Bernard and Kohri, Kazunori and Sendouda, Yuuiti and Yokoyama, Jun'ichi",
	title = "{Constraints on primordial black holes}",
	eprint = "2002.12778",
	archivePrefix = "arXiv",
	primaryClass = "astro-ph.CO",
	reportNumber = "RESCEU-03/20; KEK-Cosmo-249; KEK-TH-2199; IPMU20-0024",
	doi = "10.1088/1361-6633/ac1e31",
	journal = "Rept. Prog. Phys.",
	volume = "84",
	number = "11",
	pages = "116902",
	year = "2021"
}

@article{Inoue:2017csr,
	author = "Inoue, Yoshiyuki and Kusenko, Alexander",
	title = "{New X-ray bound on density of primordial black holes}",
	eprint = "1705.00791",
	archivePrefix = "arXiv",
	primaryClass = "astro-ph.CO",
	doi = "10.1088/1475-7516/2017/10/034",
	journal = "JCAP",
	volume = "10",
	pages = "034",
	year = "2017"
}

@article{Ferrer:2018uiu,
	author = "Ferrer, Francesc and Masso, Eduard and Panico, Giuliano and Pujolas, Oriol and Rompineve, Fabrizio",
	title = "{Primordial Black Holes from the QCD axion}",
	eprint = "1807.01707",
	archivePrefix = "arXiv",
	primaryClass = "hep-ph",
	doi = "10.1103/PhysRevLett.122.101301",
	journal = "Phys. Rev. Lett.",
	volume = "122",
	number = "10",
	pages = "101301",
	year = "2019"
}


@article{Matsubara:2019qzv,
	author = "Matsubara, Takahiko and Terada, Takahiro and Kohri, Kazunori and Yokoyama, Shuichiro",
	title = "{Clustering of primordial black holes formed in a matter-dominated epoch}",
	eprint = "1909.04053",
	archivePrefix = "arXiv",
	primaryClass = "astro-ph.CO",
	reportNumber = "KEK-TH-2155; KEK-Cosmo-243; IPMU19-0128, KEK-TH-2154; KEK-Cosmo-243; IPMU19-0128, KEK-TH-2154; KEK-Cosmo-243",
	doi = "10.1103/PhysRevD.100.123544",
	journal = "Phys. Rev. D",
	volume = "100",
	number = "12",
	pages = "123544",
	year = "2019"
}


@article{Carr:1974nx,
	author = "Carr, Bernard J. and Hawking, S. W.",
	title = "{Black holes in the early Universe}",
	doi = "10.1093/mnras/168.2.399",
	journal = "Mon. Not. Roy. Astron. Soc.",
	volume = "168",
	pages = "399--415",
	year = "1974"
}


@article{Carr:2018rid,
	author = "Carr, Bernard and Silk, Joseph",
	title = "{Primordial Black Holes as Generators of Cosmic Structures}",
	eprint = "1801.00672",
	archivePrefix = "arXiv",
	primaryClass = "astro-ph.CO",
	doi = "10.1093/mnras/sty1204",
	journal = "Mon. Not. Roy. Astron. Soc.",
	volume = "478",
	number = "3",
	pages = "3756--3775",
	year = "2018"
}


@article{Carr:1993aq,
	author = "Carr, Bernard J. and Lidsey, James E.",
	title = "{Primordial black holes and generalized constraints on chaotic inflation}",
	reportNumber = "FERMILAB-PUB-93-116-A",
	doi = "10.1103/PhysRevD.48.543",
	journal = "Phys. Rev. D",
	volume = "48",
	pages = "543--553",
	year = "1993"
}

@Article{Buchner:2021cql,
  author        = {Buchner, Johannes},
  title         = {{UltraNest -- a robust, general purpose Bayesian inference engine}},
  year          = {2021},
  month         = {1},
  archiveprefix = {arXiv},
  eprint        = {2101.09604},
  primaryclass  = {stat.CO},
  reportnumber  = {10.21105/joss.03001},
}

@article{DeLuca:2020agl,
	author = "De Luca, V. and Franciolini, G. and Riotto, A.",
	title = "{NANOGrav Data Hints at Primordial Black Holes as Dark Matter}",
	eprint = "2009.08268",
	archivePrefix = "arXiv",
	primaryClass = "astro-ph.CO",
	doi = "10.1103/PhysRevLett.126.041303",
	journal = "Phys. Rev. Lett.",
	volume = "126",
	number = "4",
	pages = "041303",
	year = "2021"
}

@article{NANOGrav:2020bcs,
	author = "Arzoumanian, Zaven and others",
	collaboration = "NANOGrav",
	title = "{The NANOGrav 12.5 yr Data Set: Search for an Isotropic Stochastic Gravitational-wave Background}",
	eprint = "2009.04496",
	archivePrefix = "arXiv",
	primaryClass = "astro-ph.HE",
	doi = "10.3847/2041-8213/abd401",
	journal = "Astrophys. J. Lett.",
	volume = "905",
	number = "2",
	pages = "L34",
	year = "2020"
}

@Article{Goncharov:2021oub,
  author        = {Goncharov, Boris and others},
  journal       = {Astrophys. J. Lett.},
  title         = {{On the Evidence for a Common-spectrum Process in the Search for the Nanohertz Gravitational-wave Background with the Parkes Pulsar Timing Array}},
  year          = {2021},
  number        = {2},
  pages         = {L19},
  volume        = {917},
  archiveprefix = {arXiv},
  doi           = {10.3847/2041-8213/ac17f4},
  eprint        = {2107.12112},
  primaryclass  = {astro-ph.HE},
}

@Article{EPTA:2021crs,
  author        = {Chen, S. and others},
  journal       = {Mon. Not. Roy. Astron. Soc.},
  title         = {{Common-red-signal analysis with 24-yr high-precision timing of the European Pulsar Timing Array: inferences in the stochastic gravitational-wave background search}},
  year          = {2021},
  number        = {4},
  pages         = {4970--4993},
  volume        = {508},
  archiveprefix = {arXiv},
  collaboration = {EPTA},
  doi           = {10.1093/mnras/stab2833},
  eprint        = {2110.13184},
  primaryclass  = {astro-ph.HE},
}

@Article{Casey-Clyde:2021xro,
  author        = {Casey-Clyde, J. Andrew and Mingarelli, Chiara M. F. and Greene, Jenny E. and Pardo, Kris and Na\~nez, Morgan and Goulding, Andy D.},
  journal       = {Astrophys. J.},
  title         = {{A Quasar-based Supermassive Black Hole Binary Population Model: Implications for the Gravitational Wave Background}},
  year          = {2022},
  number        = {2},
  pages         = {93},
  volume        = {924},
  archiveprefix = {arXiv},
  doi           = {10.3847/1538-4357/ac32de},
  eprint        = {2107.11390},
  primaryclass  = {astro-ph.HE},
}

@Article{Kelley:2016gse,
  author        = {Kelley, Luke Zoltan and Blecha, Laura and Hernquist, Lars},
  journal       = {Mon. Not. Roy. Astron. Soc.},
  title         = {{Massive Black Hole Binary Mergers in Dynamical Galactic Environments}},
  year          = {2017},
  number        = {3},
  pages         = {3131--3157},
  volume        = {464},
  archiveprefix = {arXiv},
  doi           = {10.1093/mnras/stw2452},
  eprint        = {1606.01900},
  primaryclass  = {astro-ph.HE},
}

@Article{Kelley:2017lek,
  author        = {Kelley, Luke Zoltan and Blecha, Laura and Hernquist, Lars and Sesana, Alberto and Taylor, Stephen R.},
  journal       = {Mon. Not. Roy. Astron. Soc.},
  title         = {{The Gravitational Wave Background from Massive Black Hole Binaries in Illustris: spectral features and time to detection with pulsar timing arrays}},
  year          = {2017},
  number        = {4},
  pages         = {4508--4526},
  volume        = {471},
  archiveprefix = {arXiv},
  doi           = {10.1093/mnras/stx1638},
  eprint        = {1702.02180},
  primaryclass  = {astro-ph.HE},
}

@Article{Hellings:1983fr,
  author  = {Hellings, R. w. and Downs, G. s.},
  journal = {Astrophys. J. Lett.},
  title   = {{UPPER LIMITS ON THE ISOTROPIC GRAVITATIONAL RADIATION BACKGROUND FROM PULSAR TIMING ANALYSIS}},
  year    = {1983},
  pages   = {L39--L42},
  volume  = {265},
  doi     = {10.1086/183954},
}

@article{Ashoorioon:2022raz,
	author = "Ashoorioon, Amjad and Rezazadeh, Kazem and Rostami, Abasalt",
	title = "{NANOGrav signal from the end of inflation and the LIGO mass and heavier primordial black holes}",
	eprint = "2202.01131",
	archivePrefix = "arXiv",
	primaryClass = "astro-ph.CO",
	reportNumber = "IPM/P-2022/06",
	doi = "10.1016/j.physletb.2022.137542",
	journal = "Phys. Lett. B",
	volume = "835",
	pages = "137542",
	year = "2022"
}



@article{Bringmann:2018mxj,
	author = "Bringmann, Torsten and Depta, Paul Frederik and Domcke, Valerie and Schmidt-Hoberg, Kai",
	title = "{Towards closing the window of primordial black holes as dark matter: The case of large clustering}",
	eprint = "1808.05910",
	archivePrefix = "arXiv",
	primaryClass = "astro-ph.CO",
	reportNumber = "DESY 18-132, DESY-18-132",
	doi = "10.1103/PhysRevD.99.063532",
	journal = "Phys. Rev. D",
	volume = "99",
	number = "6",
	pages = "063532",
	year = "2019"
}

@article{Atal:2020yic,
	author = "Atal, Vicente and Sanglas, Albert and Triantafyllou, Nikolaos",
	title = "{NANOGrav signal as mergers of Stupendously Large Primordial Black Holes}",
	eprint = "2012.14721",
	archivePrefix = "arXiv",
	primaryClass = "astro-ph.CO",
	doi = "10.1088/1475-7516/2021/06/022",
	journal = "JCAP",
	volume = "06",
	pages = "022",
	year = "2021"
}

@article{Davoudiasl:2021ijv,
	author = "Davoudiasl, Hooman and Denton, Peter B. and Gehrlein, Julia",
	title = "{Supermassive Black Holes, Ultralight Dark Matter, and Gravitational Waves from a First Order Phase Transition}",
	eprint = "2109.01678",
	archivePrefix = "arXiv",
	primaryClass = "astro-ph.CO",
	doi = "10.1103/PhysRevLett.128.081101",
	journal = "Phys. Rev. Lett.",
	volume = "128",
	number = "8",
	pages = "081101",
	year = "2022"
}

@article{Ajith:2007kx,
	author = "Ajith, P. and others",
	title = "{A Template bank for gravitational waveforms from coalescing binary black holes. I. Non-spinning binaries}",
	eprint = "0710.2335",
	archivePrefix = "arXiv",
	primaryClass = "gr-qc",
	reportNumber = "LIGO-P070111-00-Z, AEI-2007-143",
	doi = "10.1103/PhysRevD.77.104017",
	journal = "Phys. Rev. D",
	volume = "77",
	pages = "104017",
	year = "2008",
	note = "[Erratum: Phys.Rev.D 79, 129901 (2009)]"
}

@article{Raidal:2017mfl,
	author = {Raidal, Martti and Vaskonen, Ville and Veerm\"ae, Hardi},
	title = "{Gravitational Waves from Primordial Black Hole Mergers}",
	eprint = "1707.01480",
	archivePrefix = "arXiv",
	primaryClass = "astro-ph.CO",
	doi = "10.1088/1475-7516/2017/09/037",
	journal = "JCAP",
	volume = "09",
	pages = "037",
	year = "2017"
}

@article{Nakamura:1997sm,
	author = "Nakamura, Takashi and Sasaki, Misao and Tanaka, Takahiro and Thorne, Kip S.",
	title = "{Gravitational waves from coalescing black hole MACHO binaries}",
	eprint = "astro-ph/9708060",
	archivePrefix = "arXiv",
	reportNumber = "YITP-97-17, OU-TAP-60, GRP-479",
	doi = "10.1086/310886",
	journal = "Astrophys. J. Lett.",
	volume = "487",
	pages = "L139--L142",
	year = "1997"
}

@article{Ioka:1998nz,
	author = "Ioka, Kunihito and Chiba, Takeshi and Tanaka, Takahiro and Nakamura, Takashi",
	title = "{Black hole binary formation in the expanding universe: Three body problem approximation}",
	eprint = "astro-ph/9807018",
	archivePrefix = "arXiv",
	reportNumber = "KUNS-1493, YITP-98-13",
	doi = "10.1103/PhysRevD.58.063003",
	journal = "Phys. Rev. D",
	volume = "58",
	pages = "063003",
	year = "1998"
}

@article{Sasaki:2016jop,
	author = "Sasaki, Misao and Suyama, Teruaki and Tanaka, Takahiro and Yokoyama, Shuichiro",
	title = "{Primordial Black Hole Scenario for the Gravitational-Wave Event GW150914}",
	eprint = "1603.08338",
	archivePrefix = "arXiv",
	primaryClass = "astro-ph.CO",
	reportNumber = "RESCEU-17-16, RUP-16-7, YITP-16-43",
	doi = "10.1103/PhysRevLett.117.061101",
	journal = "Phys. Rev. Lett.",
	volume = "117",
	number = "6",
	pages = "061101",
	year = "2016",
	note = "[Erratum: Phys.Rev.Lett. 121, 059901 (2018)]"
}

@article{Peters:1964zz,
	author = "Peters, P. C.",
	title = "{Gravitational Radiation and the Motion of Two Point Masses}",
	doi = "10.1103/PhysRev.136.B1224",
	journal = "Phys. Rev.",
	volume = "136",
	pages = "B1224--B1232",
	year = "1964"
}

@article{IPTA:2023ero,
	author = "Falxa, M. and others",
	collaboration = "IPTA",
	title = "{Searching for continuous Gravitational Waves in the second data release of the International Pulsar Timing Array}",
	eprint = "2303.10767",
	archivePrefix = "arXiv",
	primaryClass = "gr-qc",
	doi = "10.1093/mnras/stad812",
	journal = "Mon. Not. Roy. Astron. Soc.",
	volume = "521",
	number = "4",
	pages = "5077--5086",
	year = "2023"
}

@article{Ellis:2023owy,
	author = {Ellis, John and Fairbairn, Malcolm and H\"utsi, Gert and Raidal, Martti and Urrutia, Juan and Vaskonen, Ville and Veerm\"ae, Hardi},
	title = "{Prospects for Future Binary Black Hole GW Studies in Light of PTA Measurements}",
	journal = "",
	eprint = "2301.13854",
	archivePrefix = "arXiv",
	primaryClass = "astro-ph.CO",
	reportNumber = "KCL-PH-TH/2023-04, CERN-TH-2023-008, AION-REPORT/2023-1",
	month = "1",
	year = "2023"
}

@article{Sesana:2008mz,
	author = "Sesana, Alberto and Vecchio, Alberto and Colacino, Carlo Nicola",
	title = "{The stochastic gravitational-wave background from massive black hole binary systems: implications for observations with Pulsar Timing Arrays}",
	eprint = "0804.4476",
	archivePrefix = "arXiv",
	primaryClass = "astro-ph",
	doi = "10.1111/j.1365-2966.2008.13682.x",
	journal = "Mon. Not. Roy. Astron. Soc.",
	volume = "390",
	pages = "192",
	year = "2008"
}

@article{RoperPol:2019wvy,
	author = "Roper Pol, Alberto and Mandal, Sayan and Brandenburg, Axel and Kahniashvili, Tina and Kosowsky, Arthur",
	title = "{Numerical simulations of gravitational waves from early-universe turbulence}",
	eprint = "1903.08585",
	archivePrefix = "arXiv",
	primaryClass = "astro-ph.CO",
	reportNumber = "NORDITA-2019-024",
	doi = "10.1103/PhysRevD.102.083512",
	journal = "Phys. Rev. D",
	volume = "102",
	number = "8",
	pages = "083512",
	year = "2020"
}




@article{Pospelov:2007mp,
	author = "Pospelov, Maxim and Ritz, Adam and Voloshin, Mikhail B.",
	title = "{Secluded WIMP Dark Matter}",
	eprint = "0711.4866",
	archivePrefix = "arXiv",
	primaryClass = "hep-ph",
	doi = "10.1016/j.physletb.2008.02.052",
	journal = "Phys. Lett. B",
	volume = "662",
	pages = "53--61",
	year = "2008"
}

@article{Ratzinger:2020koh,
	author = "Ratzinger, Wolfram and Schwaller, Pedro",
	title = "{Whispers from the dark side: Confronting light new physics with NANOGrav data}",
	eprint = "2009.11875",
	archivePrefix = "arXiv",
	primaryClass = "astro-ph.CO",
	reportNumber = "MITP/20-056",
	doi = "10.21468/SciPostPhys.10.2.047",
	journal = "SciPost Phys.",
	volume = "10",
	number = "2",
	pages = "047",
	year = "2021"
}

@article{Giese:2020rtr,
	author = "Giese, Felix and Konstandin, Thomas and van de Vis, Jorinde",
	title = "{Model-independent energy budget of cosmological first-order phase transitions\textemdash{}A sound argument to go beyond the bag model}",
	eprint = "2004.06995",
	archivePrefix = "arXiv",
	primaryClass = "astro-ph.CO",
	reportNumber = "DESY-20-064",
	doi = "10.1088/1475-7516/2020/07/057",
	journal = "JCAP",
	volume = "07",
	number = "07",
	pages = "057",
	year = "2020"
}




@article{Barenboim:2016mjm,
	author = "Barenboim, Gabriela and Park, Wan-Il",
	title = "{Gravitational waves from first order phase transitions as a probe of an early matter domination era and its inverse problem}",
	eprint = "1605.03781",
	archivePrefix = "arXiv",
	primaryClass = "astro-ph.CO",
	reportNumber = "FTUV-16-05-07, IFIC-16-25",
	doi = "10.1016/j.physletb.2016.06.009",
	journal = "Phys. Lett. B",
	volume = "759",
	pages = "430--438",
	year = "2016"
}

@article{Hindmarsh:2020hop,
	author = {Hindmarsh, Mark B. and L\"uben, Marvin and Lumma, Johannes and Pauly, Martin},
	title = "{Phase transitions in the early universe}",
	eprint = "2008.09136",
	archivePrefix = "arXiv",
	primaryClass = "astro-ph.CO",
	reportNumber = "MPP-2020-163, HIP-2020-27/TH",
	doi = "10.21468/SciPostPhysLectNotes.24",
	journal = "SciPost Phys. Lect. Notes",
	volume = "24",
	pages = "1",
	year = "2021"
}

@PhdThesis{Breitbach2018,
	author = {Moritz Breitbach},
	title  = {Gravitational Waves from Cosmological Phase Transitions},
	school = {Johannes Gutenberg University Mainz},
	year   = {2018},
	type   = {mathesis},
	month  = apr,
	url    = {https://www.glk.uni-mainz.de/files/2019/01/MasterThesis-MoritzBreitbach.pdf},
}

@Article{Breitbach:2018ddu,
  author        = {Breitbach, Moritz and Kopp, Joachim and Madge, Eric and Opferkuch, Toby and Schwaller, Pedro},
  journal       = {JCAP},
  title         = {{Dark, Cold, and Noisy: Constraining Secluded Hidden Sectors with Gravitational Waves}},
  year          = {2019},
  pages         = {007},
  volume        = {07},
  archiveprefix = {arXiv},
  doi           = {10.1088/1475-7516/2019/07/007},
  eprint        = {1811.11175},
  primaryclass  = {hep-ph},
  reportnumber  = {CERN-TH-2018-255, MITP/18-115},
}

@Article{Azatov:2021ifm,
  author        = {Azatov, Aleksandr and Vanvlasselaer, Miguel and Yin, Wen},
  journal       = {JHEP},
  title         = {{Dark Matter production from relativistic bubble walls}},
  year          = {2021},
  pages         = {288},
  volume        = {03},
  archiveprefix = {arXiv},
  doi           = {10.1007/JHEP03(2021)288},
  eprint        = {2101.05721},
  primaryclass  = {hep-ph},
  reportnumber  = {SISSA 03/2021/FISI},
}

@article{Espinosa:2010hh,
	author = "Espinosa, Jose R. and Konstandin, Thomas and No, Jose M. and Servant, Geraldine",
	title = "{Energy Budget of Cosmological First-order Phase Transitions}",
	eprint = "1004.4187",
	archivePrefix = "arXiv",
	primaryClass = "hep-ph",
	reportNumber = "CERN-PH-TH-2010-027",
	doi = "10.1088/1475-7516/2010/06/028",
	journal = "JCAP",
	volume = "06",
	pages = "028",
	year = "2010"
}

@Article{Baker:2019ndr,
  author        = {Baker, Michael J. and Kopp, Joachim and Long, Andrew J.},
  journal       = {Phys. Rev. Lett.},
  title         = {{Filtered Dark Matter at a First Order Phase Transition}},
  year          = {2020},
  number        = {15},
  pages         = {151102},
  volume        = {125},
  archiveprefix = {arXiv},
  doi           = {10.1103/PhysRevLett.125.151102},
  eprint        = {1912.02830},
  primaryclass  = {hep-ph},
}

@Article{Chway:2019kft,
  author        = {Chway, Dongjin and Jung, Tae Hyun and Shin, Chang Sub},
  journal       = {Phys. Rev. D},
  title         = {{Dark matter filtering-out effect during a first-order phase transition}},
  year          = {2020},
  number        = {9},
  pages         = {095019},
  volume        = {101},
  archiveprefix = {arXiv},
  doi           = {10.1103/PhysRevD.101.095019},
  eprint        = {1912.04238},
  primaryclass  = {hep-ph},
  reportnumber  = {CTPU-19-37},
}

@Article{Heurtier:2019beu,
  author        = {Heurtier, Lucien and Partouche, Herv\'e},
  journal       = {Phys. Rev. D},
  title         = {{Spontaneous Freeze Out of Dark Matter From an Early Thermal Phase Transition}},
  year          = {2020},
  number        = {4},
  pages         = {043527},
  volume        = {101},
  archiveprefix = {arXiv},
  doi           = {10.1103/PhysRevD.101.043527},
  eprint        = {1912.02828},
  primaryclass  = {hep-ph},
  reportnumber  = {CPHT-RR065.112019},
}

@Article{Hook:2020phx,
  author        = {Hook, Anson and Marques-Tavares, Gustavo and Racco, Davide},
  journal       = {JHEP},
  title         = {{Causal gravitational waves as a probe of free streaming particles and the expansion of the Universe}},
  year          = {2021},
  pages         = {117},
  volume        = {02},
  archiveprefix = {arXiv},
  doi           = {10.1007/JHEP02(2021)117},
  eprint        = {2010.03568},
  primaryclass  = {hep-ph},
}

@PhdThesis{Hufnagel:2020nxa,
  author       = {Hufnagel, Marco},
  school       = {Hamburg U.},
  title        = {{Primordial Nucleosynthesis in the Presence of MeV-scale Dark Sectors}},
  year         = {2020},
  address      = {Hamburg},
  doi          = {10.3204/PUBDB-2020-02699},
  reportnumber = {DESY-THESIS-2020-017},
}

@Article{Baker:2016xzo,
  author        = {Baker, Michael J. and Kopp, Joachim},
  journal       = {Phys. Rev. Lett.},
  title         = {{Dark Matter Decay between Phase Transitions at the Weak Scale}},
  year          = {2017},
  number        = {6},
  pages         = {061801},
  volume        = {119},
  archiveprefix = {arXiv},
  doi           = {10.1103/PhysRevLett.119.061801},
  eprint        = {1608.07578},
  primaryclass  = {hep-ph},
  reportnumber  = {MITP-16-090},
}

@article{Maggiore:2019uih,
	author = "Maggiore, Michele and others",
	title = "{Science Case for the Einstein Telescope}",
	eprint = "1912.02622",
	archivePrefix = "arXiv",
	primaryClass = "astro-ph.CO",
	doi = "10.1088/1475-7516/2020/03/050",
	journal = "JCAP",
	volume = "03",
	pages = "050",
	year = "2020"
}



@article{Flauger:2020qyi,
	author = "Flauger, Raphael and Karnesis, Nikolaos and Nardini, Germano and Pieroni, Mauro and Ricciardone, Angelo and Torrado, Jes\'us",
	title = "{Improved reconstruction of a stochastic gravitational wave background with LISA}",
	eprint = "2009.11845",
	archivePrefix = "arXiv",
	primaryClass = "astro-ph.CO",
	doi = "10.1088/1475-7516/2021/01/059",
	journal = "JCAP",
	volume = "01",
	pages = "059",
	year = "2021"
}

@article{Pappadopulo:2016pkp,
	author = "Pappadopulo, Duccio and Ruderman, Joshua T. and Trevisan, Gabriele",
	title = "{Dark matter freeze-out in a nonrelativistic sector}",
	eprint = "1602.04219",
	archivePrefix = "arXiv",
	primaryClass = "hep-ph",
	doi = "10.1103/PhysRevD.94.035005",
	journal = "Phys. Rev. D",
	volume = "94",
	number = "3",
	pages = "035005",
	year = "2016"
}

@article{Alanne:2019bsm,
	author = "Alanne, Tommi and Hugle, Thomas and Platscher, Moritz and Schmitz, Kai",
	title = "{A fresh look at the gravitational-wave signal from cosmological phase transitions}",
	eprint = "1909.11356",
	archivePrefix = "arXiv",
	primaryClass = "hep-ph",
	reportNumber = "CERN-TH-2019-158",
	doi = "10.1007/JHEP03(2020)004",
	journal = "JHEP",
	volume = "03",
	pages = "004",
	year = "2020"
}

@article{Buen-Abad:2018mas,
	author = "Buen-Abad, Manuel A. and Emami, Razieh and Schmaltz, Martin",
	title = "{Cannibal Dark Matter and Large Scale Structure}",
	eprint = "1803.08062",
	archivePrefix = "arXiv",
	primaryClass = "hep-ph",
	doi = "10.1103/PhysRevD.98.083517",
	journal = "Phys. Rev. D",
	volume = "98",
	number = "8",
	pages = "083517",
	year = "2018"
}

@article{Carlson:1992fn,
	author = "Carlson, Eric D. and Machacek, Marie E. and Hall, Lawrence J.",
	title = "{Self-interacting dark matter}",
	reportNumber = "HUTP-91-A066, LBL-32016, UCB-92-06, NUB-3042-92-TH",
	doi = "10.1086/171833",
	journal = "Astrophys. J.",
	volume = "398",
	pages = "43--52",
	year = "1992"
}

@article{Fairbairn:2019xog,
	author = "Fairbairn, Malcolm and Hardy, Edward and Wickens, Alastair",
	title = "{Hearing without seeing: gravitational waves from hot and cold hidden sectors}",
	eprint = "1901.11038",
	archivePrefix = "arXiv",
	primaryClass = "hep-ph",
	reportNumber = "KCL-PH-TH/2019-12",
	doi = "10.1007/JHEP07(2019)044",
	journal = "JHEP",
	volume = "07",
	pages = "044",
	year = "2019"
}

@article{Evans:2019jcs,
	author = "Evans, Jared A. and Ghalsasi, Akshay and Gori, Stefania and Tammaro, Michele and Zupan, Jure",
	title = "{Light Dark Matter from Entropy Dilution}",
	eprint = "1910.06319",
	archivePrefix = "arXiv",
	primaryClass = "hep-ph",
	doi = "10.1007/JHEP02(2020)151",
	journal = "JHEP",
	volume = "02",
	pages = "151",
	year = "2020"
}

@article{Bramante:2017obj,
	author = "Bramante, Joseph and Unwin, James",
	title = "{Superheavy Thermal Dark Matter and Primordial Asymmetries}",
	eprint = "1701.05859",
	archivePrefix = "arXiv",
	primaryClass = "hep-ph",
	doi = "10.1007/JHEP02(2017)119",
	journal = "JHEP",
	volume = "02",
	pages = "119",
	year = "2017"
}

@article{Berlin:2016vnh,
	author = "Berlin, Asher and Hooper, Dan and Krnjaic, Gordan",
	title = "{PeV-Scale Dark Matter as a Thermal Relic of a Decoupled Sector}",
	eprint = "1602.08490",
	archivePrefix = "arXiv",
	primaryClass = "hep-ph",
	reportNumber = "FERMILAB-PUB-16-040-A",
	doi = "10.1016/j.physletb.2016.06.037",
	journal = "Phys. Lett. B",
	volume = "760",
	pages = "106--111",
	year = "2016"
}

@article{Giudice:2000ex,
	author = "Giudice, Gian Francesco and Kolb, Edward W. and Riotto, Antonio",
	title = "{Largest temperature of the radiation era and its cosmological implications}",
	eprint = "hep-ph/0005123",
	archivePrefix = "arXiv",
	reportNumber = "SNS-PH-00-05, FERMILAB-PUB-00-075-A, CERN-TH-2000-107",
	doi = "10.1103/PhysRevD.64.023508",
	journal = "Phys. Rev. D",
	volume = "64",
	pages = "023508",
	year = "2001"
}

@article{McDonald:1989jd,
	author = "McDonald, J.",
	title = "{{WIMP} Densities in Decaying Particle Dominated Cosmology}",
	reportNumber = "TPI-MINN-89/40-T",
	doi = "10.1103/PhysRevD.43.1063",
	journal = "Phys. Rev. D",
	volume = "43",
	pages = "1063--1068",
	year = "1991"
}

@Article{GAMBITCosmologyWorkgroup:2020htv,
  author        = {Renk, Janina J. and others},
  journal       = {JCAP},
  title         = {{CosmoBit: A GAMBIT module for computing cosmological observables and likelihoods}},
  year          = {2021},
  pages         = {022},
  volume        = {02},
  archiveprefix = {arXiv},
  collaboration = {GAMBIT Cosmology Workgroup},
  doi           = {10.1088/1475-7516/2021/02/022},
  eprint        = {2009.03286},
  primaryclass  = {astro-ph.CO},
  reportnumber  = {gambit-code-2020, TTK-20-27},
}

@article{Schwaller:2015tja,
	author = "Schwaller, Pedro",
	title = "{Gravitational Waves from a Dark Phase Transition}",
	eprint = "1504.07263",
	archivePrefix = "arXiv",
	primaryClass = "hep-ph",
	reportNumber = "CERN-PH-TH-2015-093",
	doi = "10.1103/PhysRevLett.115.181101",
	journal = "Phys. Rev. Lett.",
	volume = "115",
	number = "18",
	pages = "181101",
	year = "2015"
}

@Article{Scherrer:1984fd,
  author       = {Scherrer, Robert J. and Turner, Michael S.},
  journal      = {Phys. Rev. D},
  title        = {{Decaying Particles Do Not Heat Up the Universe}},
  year         = {1985},
  pages        = {681},
  volume       = {31},
  doi          = {10.1103/PhysRevD.31.681},
  reportnumber = {FERMILAB-PUB-84-094},
}

@Article{Cirelli:2018iax,
  author        = {Cirelli, Marco and Gouttenoire, Yann and Petraki, Kalliopi and Sala, Filippo},
  journal       = {JCAP},
  title         = {{Homeopathic Dark Matter, or how diluted heavy substances produce high energy cosmic rays}},
  year          = {2019},
  pages         = {014},
  volume        = {02},
  archiveprefix = {arXiv},
  doi           = {10.1088/1475-7516/2019/02/014},
  eprint        = {1811.03608},
  primaryclass  = {hep-ph},
}

@Article{Carrington:1991hz,
  author       = {Carrington, M. E.},
  journal      = {Phys. Rev. D},
  title        = {{The Effective potential at finite temperature in the Standard Model}},
  year         = {1992},
  pages        = {2933--2944},
  volume       = {45},
  doi          = {10.1103/PhysRevD.45.2933},
  reportnumber = {TPI-MINN-91-48-T-REV, TPI-MINN-91-48-T},
}

@Article{Curtin:2016urg,
  author        = {Curtin, David and Meade, Patrick and Ramani, Harikrishnan},
  journal       = {Eur. Phys. J. C},
  title         = {{Thermal Resummation and Phase Transitions}},
  year          = {2018},
  number        = {9},
  pages         = {787},
  volume        = {78},
  archiveprefix = {arXiv},
  doi           = {10.1140/epjc/s10052-018-6268-0},
  eprint        = {1612.00466},
  primaryclass  = {hep-ph},
  reportnumber  = {YITP-2016-48},
}

@Article{Delaunay:2007wb,
  author        = {Delaunay, Cedric and Grojean, Christophe and Wells, James D.},
  journal       = {JHEP},
  title         = {{Dynamics of Non-renormalizable Electroweak Symmetry Breaking}},
  year          = {2008},
  pages         = {029},
  volume        = {04},
  archiveprefix = {arXiv},
  doi           = {10.1088/1126-6708/2008/04/029},
  eprint        = {0711.2511},
  primaryclass  = {hep-ph},
  reportnumber  = {CERN-PH-TH-2007-219, MCTP-07-31, SACLAY-T07-141},
}

@Article{Einstein:1918btx,
  author  = {Einstein, Albert},
  journal = {Sitzungsber. Preuss. Akad. Wiss. Berlin (Math. Phys. )},
  title   = {{\"Uber Gravitationswellen}},
  year    = {1918},
  pages   = {154--167},
  volume  = {1918},
}

@Article{Einstein:1916cc,
  author  = {Einstein, Albert},
  journal = {Sitzungsber. Preuss. Akad. Wiss. Berlin (Math. Phys. )},
  title   = {{Approximative Integration of the Field Equations of Gravitation}},
  year    = {1916},
  pages   = {688--696},
  volume  = {1916},
}

@Article{Planck:2018vyg,
  author        = {Aghanim, N. and others},
  journal       = {Astron. Astrophys.},
  title         = {{Planck 2018 results. VI. Cosmological parameters}},
  year          = {2020},
  note          = {[Erratum: Astron.Astrophys. 652, C4 (2021)]},
  pages         = {A6},
  volume        = {641},
  archiveprefix = {arXiv},
  collaboration = {Planck},
  doi           = {10.1051/0004-6361/201833910},
  eprint        = {1807.06209},
  primaryclass  = {astro-ph.CO},
}

@Misc{Budassi:2020,
  author       = {Pablo Carlos Budassi},
  howpublished = {Rendered for Wikimedia.org},
  month        = aug,
  title        = {Observable sphere for 3d},
  year         = {2020},
  timestamp    = {2021-04-21},
  url          = {https://commons.wikimedia.org/wiki/File:Observable_sphere_for_3d.png},
}

@Book{Kennefick2007,
	title     = {{Traveling at the speed of thought: Einstein and the quest for gravitational waves}},
	publisher = {Princeton, USA: Univ. Pr.},
	year      = {2007},
	author    = {Kennefick, Daniel},
}

@Article{LIGOScientific:2020ibl,
  author        = {Abbott, R. and others},
  journal       = {Phys. Rev. X},
  title         = {{GWTC-2: Compact Binary Coalescences Observed by LIGO and Virgo During the First Half of the Third Observing Run}},
  year          = {2021},
  pages         = {021053},
  volume        = {11},
  archiveprefix = {arXiv},
  collaboration = {LIGO Scientific, Virgo},
  doi           = {10.1103/PhysRevX.11.021053},
  eprint        = {2010.14527},
  primaryclass  = {gr-qc},
  reportnumber  = {P2000061},
}

@article{Barausse:2020rsu,
	author = "Barausse, Enrico and others",
	title = "{Prospects for Fundamental Physics with LISA}",
	eprint = "2001.09793",
	archivePrefix = "arXiv",
	primaryClass = "gr-qc",
	doi = "10.1007/s10714-020-02691-1",
	journal = "Gen. Rel. Grav.",
	volume = "52",
	number = "8",
	pages = "81",
	year = "2020"
}

@article{Bertone:2019irm,
	author = "Bertone, Gianfranco and others",
	title = "{Gravitational wave probes of dark matter: challenges and opportunities}",
	eprint = "1907.10610",
	archivePrefix = "arXiv",
	primaryClass = "astro-ph.CO",
	doi = "10.21468/SciPostPhysCore.3.2.007",
	journal = "SciPost Phys. Core",
	volume = "3",
	pages = "007",
	year = "2020"
}

@Article{Bodeker:2020ghk,
  author        = {Bodeker, Dietrich and Buchmuller, Wilfried},
  journal       = {Rev. Mod. Phys.},
  title         = {{Baryogenesis from the weak scale to the grand unification scale}},
  year          = {2021},
  number        = {3},
  pages         = {035004},
  volume        = {93},
  archiveprefix = {arXiv},
  doi           = {10.1103/RevModPhys.93.035004},
  eprint        = {2009.07294},
  primaryclass  = {hep-ph},
  reportnumber  = {DESY 20-141, DESY-20-141},
}

@Article{Roszkowski:2017nbc,
  author        = {Roszkowski, Leszek and Sessolo, Enrico Maria and Trojanowski, Sebastian},
  journal       = {Rept. Prog. Phys.},
  title         = {{WIMP dark matter candidates and searches\textemdash{}current status and future prospects}},
  year          = {2018},
  number        = {6},
  pages         = {066201},
  volume        = {81},
  archiveprefix = {arXiv},
  doi           = {10.1088/1361-6633/aab913},
  eprint        = {1707.06277},
  primaryclass  = {hep-ph},
  reportnumber  = {UCI-HEP-TR-2017-09, DO-TH-17-15, UCI-HEP-TR-2017-09-},
}

@InProceedings{Alexander:2016aln,
  author        = {Alexander, Jim and others},
  title         = {{Dark Sectors 2016 Workshop: Community Report}},
  year          = {2016},
  month         = {8},
  archiveprefix = {arXiv},
  eprint        = {1608.08632},
  primaryclass  = {hep-ph},
  reportnumber  = {FERMILAB-CONF-16-421},
}


@PhdThesis{Yang2011,
	author = {Yuhao Yang},
	title  = {An Introduction to Thermal Field Theory},
	school = {Imperal College London},
	year   = {2011},
	type   = {mathesis},
	month  = sep,
	url    = {https://www.imperial.ac.uk/media/imperial-college/research-centres-and-groups/theoretical-physics/msc/\\ dissertations/2011/Yuhao-Yang-Dissertation.pdf},
}

@Article{Parwani:1991gq,
  author        = {Parwani, Rajesh R.},
  journal       = {Phys. Rev. D},
  title         = {{Resummation in a hot scalar field theory}},
  year          = {1992},
  note          = {[Erratum: Phys.Rev.D 48, 5965 (1993)]},
  pages         = {4695},
  volume        = {45},
  archiveprefix = {arXiv},
  doi           = {10.1103/PhysRevD.45.4695},
  eprint        = {hep-ph/9204216},
  reportnumber  = {ITP-SB-91-64},
}

@Article{Senaha:2020mop,
  author  = {Senaha, Eibun},
  journal = {Symmetry},
  title   = {{Symmetry Restoration and Breaking at Finite Temperature: An Introductory Review}},
  year    = {2020},
  number  = {5},
  pages   = {733},
  volume  = {12},
  doi     = {10.3390/sym12050733},
}

@Article{Gould:2021dzl,
  author        = {Gould, Oliver},
  journal       = {JHEP},
  title         = {{Real scalar phase transitions: a nonperturbative analysis}},
  year          = {2021},
  pages         = {057},
  volume        = {04},
  archiveprefix = {arXiv},
  doi           = {10.1007/JHEP04(2021)057},
  eprint        = {2101.05528},
  primaryclass  = {hep-ph},
  reportnumber  = {HIP-2021-2/TH},
}

@Article{Coleman:1977py,
  author       = {Coleman, Sidney R.},
  journal      = {Phys. Rev. D},
  title        = {{The Fate of the False Vacuum. 1. Semiclassical Theory}},
  year         = {1977},
  note         = {[Erratum: Phys.Rev.D 16, 1248 (1977)]},
  pages        = {2929--2936},
  volume       = {15},
  doi          = {10.1103/PhysRevD.16.1248},
  reportnumber = {HUTP-77-A004},
}

@Article{Linde:1981zj,
  author       = {Linde, Andrei D.},
  journal      = {Nucl. Phys. B},
  title        = {{Decay of the False Vacuum at Finite Temperature}},
  year         = {1983},
  note         = {[Erratum: Nucl.Phys.B 223, 544 (1983)]},
  pages        = {421},
  volume       = {216},
  doi          = {10.1016/0550-3213(83)90072-X},
  reportnumber = {LEBEDEV-81-265},
}

@Article{Linde:1980tt,
  author       = {Linde, Andrei D.},
  journal      = {Phys. Lett. B},
  title        = {{Fate of the False Vacuum at Finite Temperature: Theory and Applications}},
  year         = {1981},
  pages        = {37--40},
  volume       = {100},
  doi          = {10.1016/0370-2693(81)90281-1},
  reportnumber = {LEBEDEV-80-92},
}

@Article{Apreda:2001us,
  author        = {Apreda, Riccardo and Maggiore, Michele and Nicolis, Alberto and Riotto, Antonio},
  journal       = {Nucl. Phys. B},
  title         = {{Gravitational waves from electroweak phase transitions}},
  year          = {2002},
  pages         = {342--368},
  volume        = {631},
  archiveprefix = {arXiv},
  doi           = {10.1016/S0550-3213(02)00264-X},
  eprint        = {gr-qc/0107033},
  reportnumber  = {UGVA-DPT-07-1096},
}

@Article{Maggiore:1999vm,
  author        = {Maggiore, Michele},
  journal       = {Phys. Rept.},
  title         = {{Gravitational wave experiments and early universe cosmology}},
  year          = {2000},
  pages         = {283--367},
  volume        = {331},
  archiveprefix = {arXiv},
  doi           = {10.1016/S0370-1573(99)00102-7},
  eprint        = {gr-qc/9909001},
  reportnumber  = {IFUP-TH-20-99},
}

@article{Bodeker:2009qy,
	author = "Bodeker, Dietrich and Moore, Guy D.",
	title = "{Can electroweak bubble walls run away?}",
	eprint = "0903.4099",
	archivePrefix = "arXiv",
	primaryClass = "hep-ph",
	doi = "10.1088/1475-7516/2009/05/009",
	journal = "JCAP",
	volume = "05",
	pages = "009",
	year = "2009"
}


@Book{Profumo:2017hqp,
  author    = {Profumo, Stefano},
  publisher = {World Scientific},
  title     = {{An Introduction to Particle Dark Matter}},
  year      = {2017},
  isbn      = {978-1-78634-000-9, 978-1-78634-001-6, 978-1-78634-001-6},
  doi       = {10.1142/q0001},
}

@Article{Arkani-Hamed:1998jmv,
  author        = {Arkani-Hamed, Nima and Dimopoulos, Savas and Dvali, G. R.},
  journal       = {Phys. Lett. B},
  title         = {{The Hierarchy problem and new dimensions at a millimeter}},
  year          = {1998},
  pages         = {263--272},
  volume        = {429},
  archiveprefix = {arXiv},
  doi           = {10.1016/S0370-2693(98)00466-3},
  eprint        = {hep-ph/9803315},
  reportnumber  = {SLAC-PUB-7769, SU-ITP-98-13},
}

@Article{Super-Kamiokande:1998kpq,
  author        = {Fukuda, Y. and others},
  journal       = {Phys. Rev. Lett.},
  title         = {{Evidence for oscillation of atmospheric neutrinos}},
  year          = {1998},
  pages         = {1562--1567},
  volume        = {81},
  archiveprefix = {arXiv},
  collaboration = {Super-Kamiokande},
  doi           = {10.1103/PhysRevLett.81.1562},
  eprint        = {hep-ex/9807003},
  reportnumber  = {BU-98-17, ICRR-REPORT-422-98-18, UCI-98-8, KEK-PREPRINT-98-95, LSU-HEPA-5-98, UMD-98-003, SBHEP-98-5, TKU-PAP-98-06, TIT-HPE-98-09},
}

@Article{Riotto:1999yt,
  author        = {Riotto, Antonio and Trodden, Mark},
  journal       = {Ann. Rev. Nucl. Part. Sci.},
  title         = {{Recent progress in baryogenesis}},
  year          = {1999},
  pages         = {35--75},
  volume        = {49},
  archiveprefix = {arXiv},
  doi           = {10.1146/annurev.nucl.49.1.35},
  eprint        = {hep-ph/9901362},
  reportnumber  = {CERN-TH-99-04, CWRU-P6-99},
}

@Article{Ratzinger:2020oct,
  author        = {Ratzinger, Wolfram and Schwaller, Pedro and Stefanek, Ben A.},
  journal       = {SciPost Phys.},
  title         = {{Gravitational Waves from an Axion-Dark Photon System: A Lattice Study}},
  year          = {2021},
  pages         = {001},
  volume        = {11},
  archiveprefix = {arXiv},
  doi           = {10.21468/SciPostPhys.11.1.001},
  eprint        = {2012.11584},
  primaryclass  = {astro-ph.CO},
  reportnumber  = {MITP-20-086, ZU-TH-57/20},
}

@Book{Weinberg:2008zzc,
  author = {Weinberg, Steven},
  title  = {{Cosmology}},
  year   = {2008},
  isbn   = {978-0-19-852682-7},
}

@Article{Liu:2017lpo,
  author        = {Liu, Jia and Wang, Xiao-Ping and Yu, Felix},
  journal       = {JHEP},
  title         = {{A Tale of Two Portals: Testing Light, Hidden New Physics at Future $e^+ e^-$ Colliders}},
  year          = {2017},
  pages         = {077},
  volume        = {06},
  archiveprefix = {arXiv},
  doi           = {10.1007/JHEP06(2017)077},
  eprint        = {1704.00730},
  primaryclass  = {hep-ph},
  reportnumber  = {MITP-17-005},
}

@Article{Curtin:2014cca,
  author        = {Curtin, David and Essig, Rouven and Gori, Stefania and Shelton, Jessie},
  journal       = {JHEP},
  title         = {{Illuminating Dark Photons with High-Energy Colliders}},
  year          = {2015},
  pages         = {157},
  volume        = {02},
  archiveprefix = {arXiv},
  doi           = {10.1007/JHEP02(2015)157},
  eprint        = {1412.0018},
  primaryclass  = {hep-ph},
  reportnumber  = {YITP-SB-14-49},
}


@Article{Camargo-Molina:2013qva,
  author        = {Camargo-Molina, J. E. and O'Leary, B. and Porod, W. and Staub, F.},
  journal       = {Eur. Phys. J. C},
  title         = {{$\mathbf{Vevacious}$: A Tool For Finding The Global Minima Of One-Loop Effective Potentials With Many Scalars}},
  year          = {2013},
  number        = {10},
  pages         = {2588},
  volume        = {73},
  archiveprefix = {arXiv},
  doi           = {10.1140/epjc/s10052-013-2588-2},
  eprint        = {1307.1477},
  primaryclass  = {hep-ph},
}

@article{Hindmarsh:2016lnk,
	author = "Hindmarsh, Mark",
	title = "{Sound shell model for acoustic gravitational wave production at a first-order phase transition in the early Universe}",
	eprint = "1608.04735",
	archivePrefix = "arXiv",
	primaryClass = "astro-ph.CO",
	doi = "10.1103/PhysRevLett.120.071301",
	journal = "Phys. Rev. Lett.",
	volume = "120",
	number = "7",
	pages = "071301",
	year = "2018"
}

@Article{Blasi:2020mfx,
  author        = {Blasi, Simone and Brdar, Vedran and Schmitz, Kai},
  journal       = {Phys. Rev. Lett.},
  title         = {{Has NANOGrav found first evidence for cosmic strings?}},
  year          = {2021},
  number        = {4},
  pages         = {041305},
  volume        = {126},
  archiveprefix = {arXiv},
  doi           = {10.1103/PhysRevLett.126.041305},
  eprint        = {2009.06607},
  primaryclass  = {astro-ph.CO},
  reportnumber  = {CERN-TH-2020-151},
}

@article{Curylo:2021pvf,
	author = "Cury\l{}o, Ma\l{}gorzata and Bulik, Tomasz",
	title = "{Predictions for LISA and PTA based on SHARK galaxy simulations}",
	eprint = "2108.11232",
	archivePrefix = "arXiv",
	primaryClass = "astro-ph.CO",
	doi = "10.1051/0004-6361/202141987",
	journal = "Astron. Astrophys.",
	volume = "660",
	pages = "A68",
	year = "2022"
}

@Article{NANOGrav:2020spf,
  author        = {Pol, Nihan S. and others},
  journal       = {Astrophys. J. Lett.},
  title         = {{Astrophysics Milestones for Pulsar Timing Array Gravitational-wave Detection}},
  year          = {2021},
  number        = {2},
  pages         = {L34},
  volume        = {911},
  archiveprefix = {arXiv},
  collaboration = {NANOGrav},
  doi           = {10.3847/2041-8213/abf2c9},
  eprint        = {2010.11950},
  primaryclass  = {astro-ph.HE},
}

@article{Bennett:2020zkv,
	author = "Bennett, Jack J. and Buldgen, Gilles and De Salas, Pablo F. and Drewes, Marco and Gariazzo, Stefano and Pastor, Sergio and Wong, Yvonne Y. Y.",
	title = "{Towards a precision calculation of $N_\mathrm{eff}$ in the Standard Model II: Neutrino decoupling in the presence of flavour oscillations and finite-temperature QED}",
	eprint = "2012.02726",
	archivePrefix = "arXiv",
	primaryClass = "hep-ph",
	reportNumber = "CPPC-2020-10",
	doi = "10.1088/1475-7516/2021/04/073",
	journal = "JCAP",
	volume = "04",
	pages = "073",
	year = "2021"
}

@Article{LISACosmologyWorkingGroup:2022jok,
  author        = {Auclair, Pierre and others},
  journal       = {Living Rev. Rel.},
  title         = {{Cosmology with the Laser Interferometer Space Antenna}},
  year          = {2023},
  number        = {1},
  pages         = {5},
  volume        = {26},
  archiveprefix = {arXiv},
  collaboration = {LISA Cosmology Working Group},
  doi           = {10.1007/s41114-023-00045-2},
  eprint        = {2204.05434},
  primaryclass  = {astro-ph.CO},
  reportnumber  = {LISA CosWG-22-03, FERMILAB-PUB-22-349-SCD},
}

@Article{RoperPol:2022iel,
  author        = {Roper Pol, Alberto and Caprini, Chiara and Neronov, Andrii and Semikoz, Dmitri},
  journal       = {Phys. Rev. D},
  title         = {{Gravitational wave signal from primordial magnetic fields in the Pulsar Timing Array frequency band}},
  year          = {2022},
  number        = {12},
  pages         = {123502},
  volume        = {105},
  archiveprefix = {arXiv},
  doi           = {10.1103/PhysRevD.105.123502},
  eprint        = {2201.05630},
  primaryclass  = {astro-ph.CO},
}

@Article{Tenkanen:2022tly,
  author        = {Tenkanen, Tuomas V. I. and van de Vis, Jorinde},
  journal       = {JHEP},
  title         = {{Speed of sound in cosmological phase transitions and effect on gravitational waves}},
  year          = {2022},
  pages         = {302},
  volume        = {08},
  archiveprefix = {arXiv},
  doi           = {10.1007/JHEP08(2022)302},
  eprint        = {2206.01130},
  primaryclass  = {hep-ph},
  reportnumber  = {NORDITA 2022-031, DESY-22-091},
}

@Article{Foreman-Mackey:2012any,
  author        = {Foreman-Mackey, Daniel and Hogg, David W. and Lang, Dustin and Goodman, Jonathan},
  journal       = {Publ. Astron. Soc. Pac.},
  title         = {{emcee: The MCMC Hammer}},
  year          = {2013},
  pages         = {306--312},
  volume        = {125},
  archiveprefix = {arXiv},
  doi           = {10.1086/670067},
  eprint        = {1202.3665},
  primaryclass  = {astro-ph.IM},
}

@Article{Romano:2020sxq,
  author        = {Romano, Joseph D. and Hazboun, Jeffrey S. and Siemens, Xavier and Archibald, Anne M.},
  journal       = {Phys. Rev. D},
  title         = {{Common-spectrum process versus cross-correlation for gravitational-wave searches using pulsar timing arrays}},
  year          = {2021},
  number        = {6},
  pages         = {063027},
  volume        = {103},
  archiveprefix = {arXiv},
  doi           = {10.1103/PhysRevD.103.063027},
  eprint        = {2012.03804},
  primaryclass  = {gr-qc},
}

@article{Middleton:2020asl,
	author = "Middleton, H. and Sesana, A. and Chen, S. and Vecchio, A. and Del Pozzo, W. and Rosado, P. A.",
	title = "{Retracted: Correction to: Massive black hole binary systems and the NANOGrav 12.5 yr results}",
	eprint = "2011.01246",
	archivePrefix = "arXiv",
	primaryClass = "astro-ph.HE",
	doi = "10.1093/mnras/stad1487",
	journal = "Mon. Not. Roy. Astron. Soc.",
	volume = "502",
	number = "1",
	pages = "L99--L103",
	year = "2021",
	note = "[Erratum: Mon.Not.Roy.Astron.Soc. 526, L34 (2023)]"
}

@article{Izquierdo-Villalba:2021prf,
	author = "Izquierdo-Villalba, David and Sesana, Alberto and Bonoli, Silvia and Colpi, Monica",
	title = "{Massive black hole evolution models confronting the n-Hz amplitude of the stochastic gravitational wave background}",
	eprint = "2108.11671",
	archivePrefix = "arXiv",
	primaryClass = "astro-ph.GA",
	doi = "10.1093/mnras/stab3239",
	journal = "Mon. Not. Roy. Astron. Soc.",
	volume = "509",
	number = "3",
	pages = "3488--3503",
	year = "2021"
}

@Article{Zic:2022sxd,
  author        = {Zic, Andrew and others},
  journal       = {Mon. Not. Roy. Astron. Soc.},
  title         = {{Evaluating the prevalence of spurious correlations in pulsar timing array data sets}},
  year          = {2022},
  number        = {1},
  pages         = {410--420},
  volume        = {516},
  archiveprefix = {arXiv},
  doi           = {10.1093/mnras/stac2100},
  eprint        = {2207.12237},
  primaryclass  = {astro-ph.HE},
}

@Article{Yeh:2020mgl,
  author        = {Yeh, Tsung-Han and Olive, Keith A. and Fields, Brian D.},
  journal       = {JCAP},
  title         = {{The impact of new $d(p,\gamma)$3 rates on Big Bang Nucleosynthesis}},
  year          = {2021},
  pages         = {046},
  volume        = {03},
  archiveprefix = {arXiv},
  doi           = {10.1088/1475-7516/2021/03/046},
  eprint        = {2011.13874},
  primaryclass  = {astro-ph.CO},
  reportnumber  = {UMN--TH--4004/20, FTPI--MINN--20/35},
}

@Article{Sobotka:2022vrr,
  author        = {Sobotka, Alexander C. and Erickcek, Adrienne L. and Smith, Tristan L.},
  journal       = {Phys. Rev. D},
  title         = {{Was entropy conserved between BBN and recombination?}},
  year          = {2023},
  number        = {2},
  pages         = {023525},
  volume        = {107},
  archiveprefix = {arXiv},
  doi           = {10.1103/PhysRevD.107.023525},
  eprint        = {2207.14308},
  primaryclass  = {astro-ph.CO},
}

@Article{Freese:2022qrl,
  author        = {Freese, Katherine and Winkler, Martin Wolfgang},
  journal       = {Phys. Rev. D},
  title         = {{Have pulsar timing arrays detected the hot big bang: Gravitational waves from strong first order phase transitions in the early Universe}},
  year          = {2022},
  number        = {10},
  pages         = {103523},
  volume        = {106},
  archiveprefix = {arXiv},
  doi           = {10.1103/PhysRevD.106.103523},
  eprint        = {2208.03330},
  primaryclass  = {astro-ph.CO},
  reportnumber  = {UTTG 11-2022, NORDITA 2022-056},
}

@Article{Hindmarsh:2017gnf,
  author        = {Hindmarsh, Mark and Huber, Stephan J. and Rummukainen, Kari and Weir, David J.},
  journal       = {Phys. Rev. D},
  title         = {{Shape of the acoustic gravitational wave power spectrum from a first order phase transition}},
  year          = {2017},
  note          = {[Erratum: Phys.Rev.D 101, 089902 (2020)]},
  number        = {10},
  pages         = {103520},
  volume        = {96},
  archiveprefix = {arXiv},
  doi           = {10.1103/PhysRevD.96.103520},
  eprint        = {1704.05871},
  primaryclass  = {astro-ph.CO},
  reportnumber  = {HIP-2017-02-TH, HIP-2017-02/TH},
}

@Article{Renzini:2022alw,
  author        = {Renzini, Arianna I. and Goncharov, Boris and Jenkins, Alexander C. and Meyers, Pat M.},
  journal       = {Galaxies},
  title         = {{Stochastic Gravitational-Wave Backgrounds: Current Detection Efforts and Future Prospects}},
  year          = {2022},
  number        = {1},
  pages         = {34},
  volume        = {10},
  archiveprefix = {arXiv},
  doi           = {10.3390/galaxies10010034},
  eprint        = {2202.00178},
  primaryclass  = {gr-qc},
}

@Misc{enterprise,
	author       = {Justin A. Ellis and Michele Vallisneri and Stephen R. Taylor and Paul T. Baker},
	title        = {ENTERPRISE: Enhanced Numerical Toolbox Enabling a Robust PulsaR Inference SuitE},
	howpublished = {Zenodo},
	month        = sep,
	year         = {2020},
	doi          = {10.5281/zenodo.4059815},
	url          = {https://doi.org/10.5281/zenodo.4059815},
}

@Misc{enterprise2,
	author = {Stephen R. Taylor and Paul T. Baker and Jeffrey S. Hazboun and Joseph Simon and Sarah J. Vigeland},
	title  = {enterprise\_extensions},
	year   = {2021},
	note   = {v2.3.3},
	url    = {https://github.com/nanograv/enterprise\_extensions},
}

@Misc{justin_ellis_2017_1037579,
	author    = {Justin Ellis and Rutger van Haasteren},
	title     = {PTMCMCSampler: Official Release},
	year      = {2017},
	doi       = {10.5281/zenodo.1037579},
	publisher = {Zenodo},
	url       = {https://doi.org/10.5281/zenodo.1037579},
	version   = {1.0.0},
}

@Article{corner,
	author    = {Daniel Foreman-Mackey},
	title     = {corner.py: Scatterplot matrices in Python},
	journal   = {The Journal of Open Source Software},
	year      = {2016},
	volume    = {1},
	number    = {2},
	pages     = {24},
	month     = {jun},
	doi       = {10.21105/joss.00024},
	publisher = {The Open Journal},
	url       = {https://doi.org/10.21105/joss.00024},
}

@Article{Hunter:2007,
	author    = {Hunter, J. D.},
	title     = {Matplotlib: A 2D graphics environment},
	journal   = {Computing in Science \& Engineering},
	year      = {2007},
	volume    = {9},
	number    = {3},
	pages     = {90--95},
	abstract  = {Matplotlib is a 2D graphics package used for Python for
	application development, interactive scripting, and publication-quality
	image generation across user interfaces and operating systems.},
	doi       = {10.1109/MCSE.2007.55},
	publisher = {IEEE COMPUTER SOC},
}

@Article{Virtanen:2019joe,
  author        = {Virtanen, Pauli and others},
  journal       = {Nature Meth.},
  title         = {{SciPy 1.0--Fundamental Algorithms for Scientific Computing in Python}},
  year          = {2020},
  pages         = {261},
  volume        = {17},
  archiveprefix = {arXiv},
  doi           = {10.1038/s41592-019-0686-2},
  eprint        = {1907.10121},
  primaryclass  = {cs.MS},
}

@Article{Harris:2020xlr,
  author        = {Harris, Charles R. and others},
  journal       = {Nature},
  title         = {{Array programming with NumPy}},
  year          = {2020},
  number        = {7825},
  pages         = {357--362},
  volume        = {585},
  archiveprefix = {arXiv},
  doi           = {10.1038/s41586-020-2649-2},
  eprint        = {2006.10256},
  primaryclass  = {cs.MS},
}

@article{Fixsen:1996nj,
	author = "Fixsen, D. J. and Cheng, E. S. and Gales, J. M. and Mather, John C. and Shafer, R. A. and Wright, E. L.",
	title = "{The Cosmic Microwave Background spectrum from the full COBE FIRAS data set}",
	eprint = "astro-ph/9605054",
	archivePrefix = "arXiv",
	doi = "10.1086/178173",
	journal = "Astrophys. J.",
	volume = "473",
	pages = "576",
	year = "1996"
}

@Article{Yeh:2022heq,
  author        = {Yeh, Tsung-Han and Shelton, Jessie and Olive, Keith A. and Fields, Brian D.},
  journal       = {JCAP},
  title         = {{Probing physics beyond the standard model: limits from BBN and the CMB independently and combined}},
  year          = {2022},
  pages         = {046},
  volume        = {10},
  archiveprefix = {arXiv},
  doi           = {10.1088/1475-7516/2022/10/046},
  eprint        = {2207.13133},
  primaryclass  = {astro-ph.CO},
  reportnumber  = {UMN-TH-4125/22, FTPI-MINN-22/16},
}

@Article{Hufnagel:2022aiz,
  author        = {Hufnagel, Marco and Tytgat, Michel H. G.},
  journal       = {JCAP},
  title         = {{The domain of a cannibal dark matter}},
  year          = {2023},
  pages         = {012},
  volume        = {09},
  archiveprefix = {arXiv},
  doi           = {10.1088/1475-7516/2023/09/012},
  eprint        = {2212.09759},
  primaryclass  = {hep-ph},
  reportnumber  = {ULB-TH/22-11},
}

@Article{Heeba:2019jho,
  author        = {Heeba, Saniya and Kahlhoefer, Felix},
  journal       = {Phys. Rev. D},
  title         = {{Probing the freeze-in mechanism in dark matter models with U(1)' gauge extensions}},
  year          = {2020},
  number        = {3},
  pages         = {035043},
  volume        = {101},
  archiveprefix = {arXiv},
  doi           = {10.1103/PhysRevD.101.035043},
  eprint        = {1908.09834},
  primaryclass  = {hep-ph},
  reportnumber  = {TTK-19-33},
}

@Article{Freese:2023fcr,
  author        = {Freese, Katherine and Winkler, Martin Wolfgang},
  journal       = {Phys. Rev. D},
  title         = {{Dark matter and gravitational waves from a dark big bang}},
  year          = {2023},
  number        = {8},
  pages         = {083522},
  volume        = {107},
  archiveprefix = {arXiv},
  doi           = {10.1103/PhysRevD.107.083522},
  eprint        = {2302.11579},
  primaryclass  = {astro-ph.CO},
  reportnumber  = {UTWI-06-2023, NORDITA-2023-003},
}

@Article{Liu:2022lvz,
  author        = {Liu, Jing and Bian, Ligong and Cai, Rong-Gen and Guo, Zong-Kuan and Wang, Shao-Jiang},
  journal       = {Phys. Rev. Lett.},
  title         = {{Constraining First-Order Phase Transitions with Curvature Perturbations}},
  year          = {2023},
  number        = {5},
  pages         = {051001},
  volume        = {130},
  archiveprefix = {arXiv},
  doi           = {10.1103/PhysRevLett.130.051001},
  eprint        = {2208.14086},
  primaryclass  = {astro-ph.CO},
}

@Article{Ramberg:2022irf,
  author        = {Ramberg, Nicklas and Ratzinger, Wolfram and Schwaller, Pedro},
  journal       = {JCAP},
  title         = {{One \ensuremath{\mu} to rule them all: CMB spectral distortions can probe domain walls, cosmic strings and low scale phase transitions}},
  year          = {2023},
  pages         = {039},
  volume        = {02},
  archiveprefix = {arXiv},
  doi           = {10.1088/1475-7516/2023/02/039},
  eprint        = {2209.14313},
  primaryclass  = {hep-ph},
  reportnumber  = {MITP-22-077},
}

@Article{Nakai:2020oit,
  author        = {Nakai, Yuichiro and Suzuki, Motoo and Takahashi, Fuminobu and Yamada, Masaki},
  journal       = {Phys. Lett. B},
  title         = {{Gravitational Waves and Dark Radiation from Dark Phase Transition: Connecting NANOGrav Pulsar Timing Data and Hubble Tension}},
  year          = {2021},
  pages         = {136238},
  volume        = {816},
  archiveprefix = {arXiv},
  doi           = {10.1016/j.physletb.2021.136238},
  eprint        = {2009.09754},
  primaryclass  = {astro-ph.CO},
  reportnumber  = {TU-1109; IPMU20-0100},
}

@article{Vagnozzi:2020gtf,
	author = "Vagnozzi, Sunny",
	title = "{Implications of the NANOGrav results for inflation}",
	eprint = "2009.13432",
	archivePrefix = "arXiv",
	primaryClass = "astro-ph.CO",
	doi = "10.1093/mnrasl/slaa203",
	journal = "Mon. Not. Roy. Astron. Soc.",
	volume = "502",
	number = "1",
	pages = "L11--L15",
	year = "2021"
}


@article{NANOGrav:2021flc,
	author = "Arzoumanian, Zaven and others",
	collaboration = "NANOGrav",
	title = "{Searching for Gravitational Waves from Cosmological Phase Transitions with the NANOGrav 12.5-Year Dataset}",
	eprint = "2104.13930",
	archivePrefix = "arXiv",
	primaryClass = "astro-ph.CO",
	doi = "10.1103/PhysRevLett.127.251302",
	journal = "Phys. Rev. Lett.",
	volume = "127",
	number = "25",
	pages = "251302",
	year = "2021"
}


@article{Kajantie:1996mn,
	author = "Kajantie, K. and Laine, M. and Rummukainen, K. and Shaposhnikov, Mikhail E.",
	title = "{Is there a~ hot electroweak phase transition at $m_H \gtrsim m_W$?}",
	eprint = "hep-ph/9605288",
	archivePrefix = "arXiv",
	reportNumber = "CERN-TH-96-126, HD-THEP-96-15, IUHET-333",
	doi = "10.1103/PhysRevLett.77.2887",
	journal = "Phys. Rev. Lett.",
	volume = "77",
	pages = "2887--2890",
	year = "1996"
}


@Article{Benetti:2021uea,
  author        = {Benetti, Micol and Graef, Leila Lobato and Vagnozzi, Sunny},
  journal       = {Phys. Rev. D},
  title         = {{Primordial gravitational waves from NANOGrav: A broken power-law approach}},
  year          = {2022},
  number        = {4},
  pages         = {043520},
  volume        = {105},
  archiveprefix = {arXiv},
  doi           = {10.1103/PhysRevD.105.043520},
  eprint        = {2111.04758},
  primaryclass  = {astro-ph.CO},
}

@Article{Wang:2022wwj,
  author        = {Wang, Deng},
  title         = {{Squeezing Cosmological Phase Transitions with International Pulsar Timing Array}},
  year          = {2022},
  month         = {1},
  archiveprefix = {arXiv},
  eprint        = {2201.09295},
  primaryclass  = {astro-ph.CO},
}

@Article{Wang:2022rjz,
  author        = {Wang, Deng},
  title         = {{Novel Physics with International Pulsar Timing Array: Axionlike Particles, Domain Walls and Cosmic Strings}},
  year          = {2022},
  month         = {3},
  archiveprefix = {arXiv},
  eprint        = {2203.10959},
  primaryclass  = {astro-ph.CO},
}

@Article{Dandoy:2023jot,
  author        = {Dandoy, Virgile and Domcke, Valerie and Rompineve, Fabrizio},
  journal       = {SciPost Phys. Core},
  title         = {{Search for scalar induced gravitational waves in the international pulsar timing array data release 2 and NANOgrav 12.5 years datasets}},
  year          = {2023},
  pages         = {060},
  volume        = {6},
  archiveprefix = {arXiv},
  doi           = {10.21468/SciPostPhysCore.6.3.060},
  eprint        = {2302.07901},
  primaryclass  = {astro-ph.CO},
  reportnumber  = {CERN-TH-2023-027},
}

@PhdThesis{Ratzinger:2023umd,
	author = {Ratzinger, Wolfram},
	title  = {{Misaligned, tilted and distorted: the hard life of audible axions}},
	school = {Mainz U.},
	year   = {2023},
	doi    = {10.25358/openscience-8572},
}

@Article{Giese:2021dnw,
  author        = {Giese, Felix and Konstandin, Thomas and van de Vis, Jorinde},
  journal       = {JCAP},
  title         = {{Finding sound shells in LISA mock data using likelihood sampling}},
  year          = {2021},
  pages         = {002},
  volume        = {11},
  archiveprefix = {arXiv},
  doi           = {10.1088/1475-7516/2021/11/002},
  eprint        = {2107.06275},
  primaryclass  = {astro-ph.CO},
  reportnumber  = {DESY-21-109, DESY 2021-02966},
}

@Article{10.2307/2346151,
	author    = {Bradley P. Carlin and Siddhartha Chib},
	title     = {Bayesian Model Choice via Markov Chain Monte Carlo Methods},
	journal   = {Journal of the Royal Statistical Society. Series B (Methodological)},
	year      = {1995},
	volume    = {57},
	number    = {3},
	pages     = {473--484},
	issn      = {00359246},
	abstract  = {Markov chain Monte Carlo (MCMC) integration methods enable the fitting of models of virtually unlimited complexity, and as such have revolutionized the practice of Bayesian data analysis. However, comparison across models may not proceed in a completely analogous fashion, owing to violations of the conditions sufficient to ensure convergence of the Markov chain. In this paper we present a framework for Bayesian model choice, along with an MCMC algorithm that does not suffer from convergence difficulties. Our algorithm applies equally well to problems where only one model is contemplated but its proper size is not known at the outset, such as problems involving integer-valued parameters, multiple changepoints or finite mixture distributions. We illustrate our approach with two published examples.},
	publisher = {[Royal Statistical Society, Wiley]},
	url       = {http://www.jstor.org/stable/2346151},
	urldate   = {2023-04-06},
}

@Article{10.2307/1391010,
	author    = {Simon J. Godsill},
	title     = {On the Relationship between Markov Chain Monte Carlo Methods for Model Uncertainty},
	journal   = {Journal of Computational and Graphical Statistics},
	year      = {2001},
	volume    = {10},
	number    = {2},
	pages     = {230--248},
	issn      = {10618600},
	abstract  = {This article considers Markov chain computational methods for incorporating uncertainty about the dimension of a parameter when performing inference within a Bayesian setting. A general class of methods is proposed for performing such computations, based upon a product space representation of the problem which is similar to that of Carlin and Chib. It is shown that all of the existing algorithms for incorporation of model uncertainty into Markov chain Monte Carlo (MCMC) can be derived as special cases of this general class of methods. In particular, we show that the popular reversible jump method is obtained when a special form of Metropolis-Hastings (M-H) algorithm is applied to the product space. Furthermore, the Gibbs sampling method and the variable selection method are shown to derive straightforwardly from the general framework. We believe that these new relationships between methods, which were until now seen as diverse procedures, are an important aid to the understanding of MCMC model selection procedures and may assist in the future development of improved procedures. Our discussion also sheds some light upon the important issues of "pseudo-prior" selection in the case of the Carlin and Chib sampler and choice of proposal distribution in the case of reversible jump. Finally, we propose efficient reversible jump proposal schemes that take advantage of any analytic structure that may be present in the model. These proposal schemes are compared with a standard reversible jump scheme for the problem of model order uncertainty in autoregressive time series, demonstrating the improvements which can be achieved through careful choice of proposals.},
	publisher = {[American Statistical Association, Taylor \& Francis, Ltd., Institute of Mathematical Statistics, Interface Foundation of America]},
	url       = {http://www.jstor.org/stable/1391010},
	urldate   = {2023-04-06},
}

@article{Chamberlin:2014ria,
	author = "Chamberlin, Sydney J. and Creighton, Jolien D. E. and Siemens, Xavier and Demorest, Paul and Ellis, Justin and Price, Larry R. and Romano, Joseph D.",
	title = "{Time-domain Implementation of the Optimal Cross-Correlation Statistic for Stochastic Gravitational-Wave Background Searches in Pulsar Timing Data}",
	eprint = "1410.8256",
	archivePrefix = "arXiv",
	primaryClass = "astro-ph.IM",
	doi = "10.1103/PhysRevD.91.044048",
	journal = "Phys. Rev. D",
	volume = "91",
	number = "4",
	pages = "044048",
	year = "2015"
}

@article{Hee:2015eba,
	author = "Hee, Sonke and Handley, Will and Hobson, Mike P. and Lasenby, Anthony N.",
	title = "{Bayesian model selection without evidences: application to the dark energy equation-of-state}",
	eprint = "1506.09024",
	archivePrefix = "arXiv",
	primaryClass = "astro-ph.CO",
	doi = "10.1093/mnras/stv2217",
	journal = "Mon. Not. Roy. Astron. Soc.",
	volume = "455",
	number = "3",
	pages = "2461--2473",
	year = "2016"
}

@article{Deng:2023seh,
	author = "Deng, Shihao and Bian, Ligong",
	title = "{Constraining low-scale dark phase transitions with cosmological observations}",
	eprint = "2304.06576",
	archivePrefix = "arXiv",
	primaryClass = "hep-ph",
	month = "4",
	year = "2023"
}

@article{Bringmann:2020mgx,
	author = "Bringmann, Torsten and Depta, Paul Frederik and Hufnagel, Marco and Schmidt-Hoberg, Kai",
	title = "{Precise dark matter relic abundance in decoupled sectors}",
	eprint = "2007.03696",
	archivePrefix = "arXiv",
	primaryClass = "hep-ph",
	reportNumber = "DESY-20-113",
	doi = "10.1016/j.physletb.2021.136341",
	journal = "Phys. Lett. B",
	volume = "817",
	pages = "136341",
	year = "2021"
}

@Article{Athron:2020maw,
  author        = {Athron, Peter and others},
  journal       = {JHEP},
  title         = {{Global fits of axion-like particles to XENON1T and astrophysical data}},
  year          = {2021},
  pages         = {159},
  volume        = {05},
  archiveprefix = {arXiv},
  doi           = {10.1007/JHEP05(2021)159},
  eprint        = {2007.05517},
  primaryclass  = {astro-ph.CO},
  reportnumber  = {CP3-20-36, TTK-20-21, CoEPP-MN-20-5, ADP-20-22/T1132, gambit-physics-2020},
}

@Article{Fowlie:2019ydo,
  author        = {Fowlie, Andrew},
  journal       = {JINST},
  title         = {{Bayesian and frequentist approaches to resonance searches}},
  year          = {2019},
  number        = {10},
  pages         = {P10031},
  volume        = {14},
  archiveprefix = {arXiv},
  doi           = {10.1088/1748-0221/14/10/P10031},
  eprint        = {1902.03243},
  primaryclass  = {hep-ph},
}

@Article{Lewicki:2023ioy,
  author        = {Lewicki, Marek and Toczek, Piotr and Vaskonen, Ville},
  journal       = {JHEP},
  title         = {{Primordial black holes from strong first-order phase transitions}},
  year          = {2023},
  pages         = {092},
  volume        = {09},
  archiveprefix = {arXiv},
  doi           = {10.1007/JHEP09(2023)092},
  eprint        = {2305.04924},
  primaryclass  = {astro-ph.CO},
}

@Article{Hinton2016,
	author  = {{Hinton}, S.~R.},
	title   = {{ChainConsumer}},
	journal = {The Journal of Open Source Software},
	year    = {2016},
	volume  = {1},
	pages   = {00045},
	month   = aug,
	adsurl  = {http://adsabs.harvard.edu/abs/2016JOSS....1...45H},
	doi     = {10.21105/joss.00045},
	eid     = {00045},
}

@Article{LISACosmologyWorkingGroup:2022kbp,
  author        = {Bartolo, Nicola and others},
  journal       = {JCAP},
  title         = {{Probing anisotropies of the Stochastic Gravitational Wave Background with LISA}},
  year          = {2022},
  pages         = {009},
  volume        = {11},
  archiveprefix = {arXiv},
  collaboration = {LISA Cosmology Working Group},
  doi           = {10.1088/1475-7516/2022/11/009},
  eprint        = {2201.08782},
  primaryclass  = {astro-ph.CO},
}

@Article{Taylor:2020zpk,
  author        = {Taylor, Stephen R. and van Haasteren, Rutger and Sesana, Alberto},
  journal       = {Phys. Rev. D},
  title         = {{From Bright Binaries To Bumpy Backgrounds: Mapping Realistic Gravitational Wave Skies With Pulsar-Timing Arrays}},
  year          = {2020},
  number        = {8},
  pages         = {084039},
  volume        = {102},
  archiveprefix = {arXiv},
  doi           = {10.1103/PhysRevD.102.084039},
  eprint        = {2006.04810},
  primaryclass  = {astro-ph.IM},
}

@Article{Abazajian:2019eic,
  author        = {Abazajian, Kevork and others},
  title         = {{CMB-S4 Science Case, Reference Design, and Project Plan}},
  year          = {2019},
  month         = {7},
  archiveprefix = {arXiv},
  eprint        = {1907.04473},
  primaryclass  = {astro-ph.IM},
  reportnumber  = {FERMILAB-PUB-19-431-AE-SCD},
}

@Article{SimonsObservatory:2018koc,
  author        = {Ade, Peter and others},
  journal       = {JCAP},
  title         = {{The Simons Observatory: Science goals and forecasts}},
  year          = {2019},
  pages         = {056},
  volume        = {02},
  archiveprefix = {arXiv},
  collaboration = {Simons Observatory},
  doi           = {10.1088/1475-7516/2019/02/056},
  eprint        = {1808.07445},
  primaryclass  = {astro-ph.CO},
}

@InProceedings{Dvorkin:2022jyg,
  author        = {Dvorkin, Cora and others},
  booktitle     = {{Snowmass 2021}},
  title         = {{The Physics of Light Relics}},
  year          = {2022},
  month         = {3},
  archiveprefix = {arXiv},
  eprint        = {2203.07943},
  primaryclass  = {hep-ph},
}

@Article{Chluba:2019nxa,
  author        = {Chluba, J. and others},
  journal       = {Exper. Astron.},
  title         = {{New horizons in cosmology with spectral distortions of the cosmic microwave background}},
  year          = {2021},
  number        = {3},
  pages         = {1515--1554},
  volume        = {51},
  archiveprefix = {arXiv},
  doi           = {10.1007/s10686-021-09729-5},
  eprint        = {1909.01593},
  primaryclass  = {astro-ph.CO},
}

@Article{Lamb:2023jls,
  author        = {Lamb, William G. and Taylor, Stephen R. and van Haasteren, Rutger},
  journal       = {Phys. Rev. D},
  title         = {{Rapid refitting techniques for Bayesian spectral characterization of the gravitational wave background using pulsar timing arrays}},
  year          = {2023},
  number        = {10},
  pages         = {103019},
  volume        = {108},
  archiveprefix = {arXiv},
  doi           = {10.1103/PhysRevD.108.103019},
  eprint        = {2303.15442},
  primaryclass  = {astro-ph.HE},
}

@article{Kato:2015bye,
	author = "Kato, Ryo and Soda, Jiro",
	title = "{Probing circular polarization in stochastic gravitational wave background with pulsar timing arrays}",
	eprint = "1512.09139",
	archivePrefix = "arXiv",
	primaryClass = "gr-qc",
	reportNumber = "KOBE-COSMO-16-01",
	doi = "10.1103/PhysRevD.93.062003",
	journal = "Phys. Rev. D",
	volume = "93",
	number = "6",
	pages = "062003",
	year = "2016"
}

@article{Conneely:2018wis,
	author = "Conneely, Ciar\'an and Jaffe, Andrew H. and Mingarelli, Chiara M. F.",
	title = "{On the Amplitude and Stokes Parameters of a Stochastic Gravitational-Wave Background}",
	eprint = "1808.05920",
	archivePrefix = "arXiv",
	primaryClass = "astro-ph.CO",
	doi = "10.1093/mnras/stz1022",
	journal = "Mon. Not. Roy. Astron. Soc.",
	volume = "487",
	number = "1",
	pages = "562--579",
	year = "2019"
}

@article{Hotinli:2019tpc,
	author = "Hotinli, Selim C. and Kamionkowski, Marc and Jaffe, Andrew H.",
	title = "{The search for anisotropy in the gravitational-wave background with pulsar-timing arrays}",
	eprint = "1904.05348",
	archivePrefix = "arXiv",
	primaryClass = "astro-ph.CO",
	doi = "10.21105/astro.1904.05348",
	journal = "Open J. Astrophys.",
	volume = "2",
	number = "1",
	pages = "8",
	year = "2019"
}

@article{Belgacem:2020nda,
	author = "Belgacem, Enis and Kamionkowski, Marc",
	title = "{Chirality of the gravitational-wave background and pulsar-timing arrays}",
	eprint = "2004.05480",
	archivePrefix = "arXiv",
	primaryClass = "astro-ph.CO",
	doi = "10.1103/PhysRevD.102.023004",
	journal = "Phys. Rev. D",
	volume = "102",
	number = "2",
	pages = "023004",
	year = "2020"
}

@article{Sato-Polito:2021efu,
	author = "Sato-Polito, Gabriela and Kamionkowski, Marc",
	title = "{Pulsar-timing measurement of the circular polarization of the stochastic gravitational-wave background}",
	eprint = "2111.05867",
	archivePrefix = "arXiv",
	primaryClass = "astro-ph.CO",
	doi = "10.1103/PhysRevD.106.023004",
	journal = "Phys. Rev. D",
	volume = "106",
	number = "2",
	pages = "023004",
	year = "2022"
}

@article{ValbusaDallArmi:2023ydl,
	author = "Valbusa Dall'Armi, L. and Nishizawa, A. and Ricciardone, A. and Matarrese, S.",
	title = "{Circular Polarization of the Astrophysical Gravitational Wave Background}",
	eprint = "2301.08205",
	archivePrefix = "arXiv",
	primaryClass = "astro-ph.CO",
	month = "1",
	year = "2023"
}

@article{NANOGrav:2023bts,
	author = "Arzoumanian, Zaven and others",
	collaboration = "NANOGrav",
	title = "{The NANOGrav 12.5-year Data Set: Bayesian Limits on Gravitational Waves from Individual Supermassive Black Hole Binaries}",
	eprint = "2301.03608",
	archivePrefix = "arXiv",
	primaryClass = "astro-ph.GA",
	month = "1",
	year = "2023"
}

@article{Hufnagel:2017dgo,
	author = "Hufnagel, Marco and Schmidt-Hoberg, Kai and Wild, Sebastian",
	title = "{BBN constraints on MeV-scale dark sectors. Part I. Sterile decays}",
	eprint = "1712.03972",
	archivePrefix = "arXiv",
	primaryClass = "hep-ph",
	reportNumber = "DESY-17-211",
	doi = "10.1088/1475-7516/2018/02/044",
	journal = "JCAP",
	volume = "02",
	pages = "044",
	year = "2018"
}

@article{Hufnagel:2018bjp,
	author = "Hufnagel, Marco and Schmidt-Hoberg, Kai and Wild, Sebastian",
	title = "{BBN constraints on MeV-scale dark sectors. Part II. Electromagnetic decays}",
	eprint = "1808.09324",
	archivePrefix = "arXiv",
	primaryClass = "hep-ph",
	reportNumber = "DESY 18-133, DESY-18-133",
	doi = "10.1088/1475-7516/2018/11/032",
	journal = "JCAP",
	volume = "11",
	pages = "032",
	year = "2018"
}

@article{Forestell:2018txr,
	author = "Forestell, Lindsay and Morrissey, David E. and White, Graham",
	title = "{Limits from BBN on Light Electromagnetic Decays}",
	eprint = "1809.01179",
	archivePrefix = "arXiv",
	primaryClass = "hep-ph",
	doi = "10.1007/JHEP01(2019)074",
	journal = "JHEP",
	volume = "01",
	pages = "074",
	year = "2019"
}

@article{Kawasaki:2020qxm,
	author = "Kawasaki, Masahiro and Kohri, Kazunori and Moroi, Takeo and Murai, Kai and Murayama, Hitoshi",
	title = "{Big-bang nucleosynthesis with sub-GeV massive decaying particles}",
	eprint = "2006.14803",
	archivePrefix = "arXiv",
	primaryClass = "hep-ph",
	reportNumber = "KEK-Cosmo-254, KEK-TH-2214",
	doi = "10.1088/1475-7516/2020/12/048",
	journal = "JCAP",
	volume = "12",
	pages = "048",
	year = "2020"
}

@article{Depta:2020mhj,
	author = "Depta, Paul Frederik and Hufnagel, Marco and Schmidt-Hoberg, Kai",
	title = "{ACROPOLIS: A generiC fRamework fOr Photodisintegration Of LIght elementS}",
	eprint = "2011.06518",
	archivePrefix = "arXiv",
	primaryClass = "hep-ph",
	reportNumber = "DESY-20-161, DESY 20-161, ULB-TH/20-16",
	doi = "10.1088/1475-7516/2021/03/061",
	journal = "JCAP",
	volume = "03",
	pages = "061",
	year = "2021"
}

@article{Cyburt:2002uv,
	author = "Cyburt, Richard H. and Ellis, John R. and Fields, Brian D. and Olive, Keith A.",
	title = "{Updated nucleosynthesis constraints on unstable relic particles}",
	eprint = "astro-ph/0211258",
	archivePrefix = "arXiv",
	reportNumber = "CERN-TH-2002-207, UMN-TH-2115-02, TPI-MINN-02-44",
	doi = "10.1103/PhysRevD.67.103521",
	journal = "Phys. Rev. D",
	volume = "67",
	pages = "103521",
	year = "2003"
}

@article{Jedamzik:2006xz,
	author = "Jedamzik, Karsten",
	title = "{Big bang nucleosynthesis constraints on hadronically and electromagnetically decaying relic neutral particles}",
	eprint = "hep-ph/0604251",
	archivePrefix = "arXiv",
	doi = "10.1103/PhysRevD.74.103509",
	journal = "Phys. Rev. D",
	volume = "74",
	pages = "103509",
	year = "2006"
}

@article{Chluba:2011hw,
	author = "Chluba, J. and Sunyaev, R. A.",
	title = "{The evolution of CMB spectral distortions in the early Universe}",
	eprint = "1109.6552",
	archivePrefix = "arXiv",
	primaryClass = "astro-ph.CO",
	doi = "10.1111/j.1365-2966.2011.19786.x",
	journal = "Mon. Not. Roy. Astron. Soc.",
	volume = "419",
	pages = "1294--1314",
	year = "2012"
}

@article{Chluba:2013pya,
	author = "Chluba, Jens and Jeong, Donghui",
	title = "{Teasing bits of information out of the CMB energy spectrum}",
	eprint = "1306.5751",
	archivePrefix = "arXiv",
	primaryClass = "astro-ph.CO",
	doi = "10.1093/mnras/stt2327",
	journal = "Mon. Not. Roy. Astron. Soc.",
	volume = "438",
	number = "3",
	pages = "2065--2082",
	year = "2014"
}

@article{Poulin:2016anj,
	author = "Poulin, Vivian and Lesgourgues, Julien and Serpico, Pasquale D.",
	title = "{Cosmological constraints on exotic injection of electromagnetic energy}",
	eprint = "1610.10051",
	archivePrefix = "arXiv",
	primaryClass = "astro-ph.CO",
	doi = "10.1088/1475-7516/2017/03/043",
	journal = "JCAP",
	volume = "03",
	pages = "043",
	year = "2017"
}

@article{Chluba:2020oip,
	author = "Chluba, Jens and Ravenni, Andrea and Acharya, Sandeep Kumar",
	title = "{Thermalization of large energy release in the early Universe}",
	eprint = "2005.11325",
	archivePrefix = "arXiv",
	primaryClass = "astro-ph.CO",
	doi = "10.1093/mnras/staa2131",
	journal = "Mon. Not. Roy. Astron. Soc.",
	volume = "498",
	number = "1",
	pages = "959--980",
	year = "2020"
}

@article{Hambye:2021moy,
	author = "Hambye, Thomas and Hufnagel, Marco and Lucca, Matteo",
	title = "{Cosmological constraints on the decay of heavy relics into neutrinos}",
	eprint = "2112.09137",
	archivePrefix = "arXiv",
	primaryClass = "hep-ph",
	reportNumber = "ULB-TH/21-21",
	doi = "10.1088/1475-7516/2022/05/033",
	journal = "JCAP",
	volume = "05",
	number = "05",
	pages = "033",
	year = "2022"
}

@Article{Jinno:2022fom,
  author        = {Jinno, Ryusuke and Shakya, Bibhushan and van de Vis, Jorinde},
  title         = {{Gravitational Waves from Feebly Interacting Particles in a First Order Phase Transition}},
  year          = {2022},
  month         = {11},
  archiveprefix = {arXiv},
  eprint        = {2211.06405},
  primaryclass  = {gr-qc},
  reportnumber  = {DESY-22-172, IFT-UAM/CSIC-22-140, MITP-22-095, RESCEU-22/22},
}

@article{Somalwar:2023bqv,
	author = "Somalwar, Jean J. and Ravi, Vikram",
	title = "{The origin of the nano-Hertz stochastic gravitational wave background: the contribution from $z\gtrsim1$ supermassive black-hole binaries}",
	eprint = "2306.00898",
	archivePrefix = "arXiv",
	primaryClass = "astro-ph.GA",
	month = "6",
	year = "2023"
}

@Article{Batell:2009di,
	author        = {Batell, Brian and Pospelov, Maxim and Ritz, Adam},
	title         = {{Exploring Portals to a Hidden Sector Through Fixed Targets}},
	journal       = {Phys. Rev. D},
	year          = {2009},
	volume        = {80},
	pages         = {095024},
	archiveprefix = {arXiv},
	doi           = {10.1103/PhysRevD.80.095024},
	eprint        = {0906.5614},
	primaryclass  = {hep-ph},
}

@article{Raidal:2018bbj,
	author = {Raidal, Martti and Spethmann, Christian and Vaskonen, Ville and Veerm\"ae, Hardi},
	title = "{Formation and Evolution of Primordial Black Hole Binaries in the Early Universe}",
	eprint = "1812.01930",
	archivePrefix = "arXiv",
	primaryClass = "astro-ph.CO",
	reportNumber = "KCL-PH-TH/2018-70, CERN-TH-2018-266",
	doi = "10.1088/1475-7516/2019/02/018",
	journal = "JCAP",
	volume = "02",
	pages = "018",
	year = "2019"
}

@article{Ali-Haimoud:2017rtz,
	author = {Ali-Ha\"\i{}moud, Yacine and Kovetz, Ely D. and Kamionkowski, Marc},
	title = "{Merger rate of primordial black-hole binaries}",
	eprint = "1709.06576",
	archivePrefix = "arXiv",
	primaryClass = "astro-ph.CO",
	doi = "10.1103/PhysRevD.96.123523",
	journal = "Phys. Rev. D",
	volume = "96",
	number = "12",
	pages = "123523",
	year = "2017"
}

@article{Antoniadis:2023aac,
	author = "Antoniadis, J. and others",
	title = "{The second data release from the European Pulsar Timing Array IV. Search for continuous gravitational wave signals}",
	journal = "",
	eprint = "2306.16226",
	archivePrefix = "arXiv",
	primaryClass = "astro-ph.HE",
	month = "6",
	year = "2023"
}

@article{NANOGrav:2023pdq,
	author = "Agazie, Gabriella and others",
	collaboration = "NANOGrav",
	title = "{The NANOGrav 15 yr Data Set: Bayesian Limits on Gravitational Waves from Individual Supermassive Black Hole Binaries}",
	eprint = "2306.16222",
	archivePrefix = "arXiv",
	primaryClass = "astro-ph.HE",
	doi = "10.3847/2041-8213/ace18a",
	journal = "Astrophys. J. Lett.",
	volume = "951",
	number = "2",
	pages = "L50",
	year = "2023"
}

@article{Carr:1997cn,
	author = "Carr, Bernard J. and Sakellariadou, M.",
	title = "{Dynamical constraints on dark compact objects}",
	reportNumber = "FERMILAB-PUB-97-299-A",
	doi = "10.1086/307071",
	journal = "Astrophys. J.",
	volume = "516",
	pages = "195--220",
	year = "1999"
}

@article{Antoniadis:2023zhi,
	author = "Antoniadis, J. and others",
	title = "{The second data release from the European Pulsar Timing Array: V. Implications for massive black holes, dark matter and the early Universe}",
	journal = "",
	eprint = "2306.16227",
	archivePrefix = "arXiv",
	primaryClass = "astro-ph.CO",
	month = "6",
	year = "2023"
}

@article{Madge:2023cak,
	author = "Madge, Eric and Morgante, Enrico and Ib\'a\~nez, Cristina Puchades and Ramberg, Nicklas and Ratzinger, Wolfram and Schenk, Sebastian and Schwaller, Pedro",
	title = "{Primordial gravitational waves in the nano-Hertz regime and PTA data -- towards solving the GW inverse problem}",
	journal = "",
	eprint = "2306.14856",
	archivePrefix = "arXiv",
	primaryClass = "hep-ph",
	reportNumber = "MITP-23-029",
	month = "6",
	year = "2023"
}

@Article{Mitridate:2023oar,
  author        = {Mitridate, Andrea and Wright, David and von Eckardstein, Richard and Schr\"oder, Tobias and Nay, Jonathan and Olum, Ken and Schmitz, Kai and Trickle, Tanner},
  title         = {{PTArcade}},
  year          = {2023},
  month         = {6},
  archiveprefix = {arXiv},
  eprint        = {2306.16377},
  primaryclass  = {hep-ph},
  reportnumber  = {FERMILAB-PUB-23-588-T},
}

@article{Samanta:2020cdk,
	author = "Samanta, Rome and Datta, Satyabrata",
	title = "{Gravitational wave complementarity and impact of NANOGrav data on gravitational leptogenesis}",
	eprint = "2009.13452",
	archivePrefix = "arXiv",
	primaryClass = "hep-ph",
	doi = "10.1007/JHEP05(2021)211",
	journal = "JHEP",
	volume = "05",
	pages = "211",
	year = "2021"
}

@article{Guo:2023hyp,
	author = "Guo, Shu-Yuan and Khlopov, Maxim and Liu, Xuewen and Wu, Lei and Wu, Yongcheng and Zhu, Bin",
	title = "{Footprints of Axion-Like Particle in Pulsar Timing Array Data and JWST Observations}",
	journal = "",
	eprint = "2306.17022",
	archivePrefix = "arXiv",
	primaryClass = "hep-ph",
	month = "6",
	year = "2023"
}

@article{King:2023cgv,
	author = "King, Stephen F. and Marfatia, Danny and Rahat, Moinul Hossain",
	title = "{Towards distinguishing Dirac from Majorana neutrino mass with gravitational waves}",
	journal = "",
	eprint = "2306.05389",
	archivePrefix = "arXiv",
	primaryClass = "hep-ph",
	month = "6",
	year = "2023"
}

@article{Unal:2020mts,
	author = {\"Unal, Caner and Kovetz, Ely D. and Patil, Subodh P.},
	title = "{Multimessenger probes of inflationary fluctuations and primordial black holes}",
	eprint = "2008.11184",
	archivePrefix = "arXiv",
	primaryClass = "astro-ph.CO",
	doi = "10.1103/PhysRevD.103.063519",
	journal = "Phys. Rev. D",
	volume = "103",
	number = "6",
	pages = "063519",
	year = "2021"
}

@article{Kavanagh:2018ggo,
	author = "Kavanagh, Bradley J. and Gaggero, Daniele and Bertone, Gianfranco",
	title = "{Merger rate of a subdominant population of primordial black holes}",
	eprint = "1805.09034",
	archivePrefix = "arXiv",
	primaryClass = "astro-ph.CO",
	doi = "10.1103/PhysRevD.98.023536",
	journal = "Phys. Rev. D",
	volume = "98",
	number = "2",
	pages = "023536",
	year = "2018"
}

@article{Vaskonen:2019jpv,
	author = {Vaskonen, Ville and Veerm\"ae, Hardi},
	title = "{Lower bound on the primordial black hole merger rate}",
	eprint = "1908.09752",
	archivePrefix = "arXiv",
	primaryClass = "astro-ph.CO",
	reportNumber = "CERN-TH-2019-141, KCL-PH-TH/2019-69",
	doi = "10.1103/PhysRevD.101.043015",
	journal = "Phys. Rev. D",
	volume = "101",
	number = "4",
	pages = "043015",
	year = "2020"
}

@article{Bringmann:2021sth,
	author = "Bringmann, Torsten and Heeba, Saniya and Kahlhoefer, Felix and Vangsnes, Kristian",
	title = "{Freezing-in a hot bath: resonances, medium effects and phase transitions}",
	eprint = "2111.14871",
	archivePrefix = "arXiv",
	primaryClass = "hep-ph",
	doi = "10.1007/JHEP02(2022)110",
	journal = "JHEP",
	volume = "02",
	pages = "110",
	year = "2022"
}

@article{Lee:1977ua,
	author = "Lee, Benjamin W. and Weinberg, Steven",
	editor = "Srednicki, M. A.",
	title = "{Cosmological Lower Bound on Heavy Neutrino Masses}",
	reportNumber = "FERMILAB-PUB-77-041-T",
	doi = "10.1103/PhysRevLett.39.165",
	journal = "Phys. Rev. Lett.",
	volume = "39",
	pages = "165--168",
	year = "1977"
}

@article{Gondolo:1990dk,
	author = "Gondolo, Paolo and Gelmini, Graciela",
	title = "{Cosmic abundances of stable particles: Improved analysis}",
	reportNumber = "UCLA-90-TEP-68",
	doi = "10.1016/0550-3213(91)90438-4",
	journal = "Nucl. Phys. B",
	volume = "360",
	pages = "145--179",
	year = "1991"
}

@article{DAgnolo:2015ujb,
	author = "D'Agnolo, Raffaele Tito and Ruderman, Joshua T.",
	title = "{Light Dark Matter from Forbidden Channels}",
	eprint = "1505.07107",
	archivePrefix = "arXiv",
	primaryClass = "hep-ph",
	doi = "10.1103/PhysRevLett.115.061301",
	journal = "Phys. Rev. Lett.",
	volume = "115",
	number = "6",
	pages = "061301",
	year = "2015"
}

@article{Evans:2017kti,
	author = "Evans, Jared A. and Gori, Stefania and Shelton, Jessie",
	title = "{Looking for the WIMP Next Door}",
	eprint = "1712.03974",
	archivePrefix = "arXiv",
	primaryClass = "hep-ph",
	doi = "10.1007/JHEP02(2018)100",
	journal = "JHEP",
	volume = "02",
	pages = "100",
	year = "2018"
}


@article{Bernreuther:2022bdw,
	author = "Bernreuther, Elias and Kahlhoefer, Felix and Lucente, Michele and Morandini, Alessandro",
	title = "{Searching for dark radiation at the LHC}",
	eprint = "2204.01759",
	archivePrefix = "arXiv",
	primaryClass = "hep-ph",
	reportNumber = "TTK-22-13, TTP22-018, P3H-22-032, FERMILAB-PUB-22-238-T",
	doi = "10.1007/JHEP08(2022)169",
	journal = "JHEP",
	volume = "08",
	pages = "169",
	year = "2022",
	note = "[Erratum: JHEP 06, 071 (2023)]"
}


@article{DeRocco:2023qae,
	author = "DeRocco, William and Dror, Jeff A.",
	title = "{Searching For Stochastic Gravitational Waves Below a Nanohertz}",
	eprint = "2304.13042",
	archivePrefix = "arXiv",
	primaryClass = "astro-ph.HE",
	month = "4",
	year = "2023"
}

% turbulence


@article{Winkler:2018qyg,
	author = "Winkler, Martin Wolfgang",
	title = "{Decay and detection of a light scalar boson mixing with the Higgs boson}",
	eprint = "1809.01876",
	archivePrefix = "arXiv",
	primaryClass = "hep-ph",
	reportNumber = "NORDITA-2018-087",
	doi = "10.1103/PhysRevD.99.015018",
	journal = "Phys. Rev. D",
	volume = "99",
	number = "1",
	pages = "015018",
	year = "2019"
}

@article{Brandenburg:2017neh,
	author = "Brandenburg, Axel and Kahniashvili, Tina and Mandal, Sayan and Roper Pol, Alberto and Tevzadze, Alexander G. and Vachaspati, Tanmay",
	title = "{Evolution of hydromagnetic turbulence from the electroweak phase transition}",
	eprint = "1711.03804",
	archivePrefix = "arXiv",
	primaryClass = "astro-ph.CO",
	reportNumber = "NORDITA-2017-116",
	doi = "10.1103/PhysRevD.96.123528",
	journal = "Phys. Rev. D",
	volume = "96",
	number = "12",
	pages = "123528",
	year = "2017"
}


@article{Dahl:2021wyk,
	author = "Dahl, Jani and Hindmarsh, Mark and Rummukainen, Kari and Weir, David J.",
	title = "{Decay of acoustic turbulence in two dimensions and implications for cosmological gravitational waves}",
	eprint = "2112.12013",
	archivePrefix = "arXiv",
	primaryClass = "gr-qc",
	reportNumber = "HIP-2021-29/TH",
	doi = "10.1103/PhysRevD.106.063511",
	journal = "Phys. Rev. D",
	volume = "106",
	number = "6",
	pages = "063511",
	year = "2022"
}

@article{Auclair:2022jod,
	author = "Auclair, Pierre and Caprini, Chiara and Cutting, Daniel and Hindmarsh, Mark and Rummukainen, Kari and Steer, Dani\`ele A. and Weir, David J.",
	title = "{Generation of gravitational waves from freely decaying turbulence}",
	eprint = "2205.02588",
	archivePrefix = "arXiv",
	primaryClass = "astro-ph.CO",
	reportNumber = "HIP-2021-35/TH",
	doi = "10.1088/1475-7516/2022/09/029",
	journal = "JCAP",
	volume = "09",
	pages = "029",
	year = "2022"
}


% turbulence end



@article{LIGOScientific:2007fwp,
	author = "Abbott, B. P. and others",
	collaboration = "LIGO Scientific",
	title = "{LIGO: The Laser interferometer gravitational-wave observatory}",
	eprint = "0711.3041",
	archivePrefix = "arXiv",
	primaryClass = "gr-qc",
	reportNumber = "LIGO-P070082-04",
	doi = "10.1088/0034-4885/72/7/076901",
	journal = "Rept. Prog. Phys.",
	volume = "72",
	pages = "076901",
	year = "2009"
}



@article{Feng:2008mu,
	author = "Feng, Jonathan L. and Tu, Huitzu and Yu, Hai-Bo",
	title = "{Thermal Relics in Hidden Sectors}",
	eprint = "0808.2318",
	archivePrefix = "arXiv",
	primaryClass = "hep-ph",
	reportNumber = "UCI-TR-2008-26",
	doi = "10.1088/1475-7516/2008/10/043",
	journal = "JCAP",
	volume = "10",
	pages = "043",
	year = "2008"
}

@article{Pospelov:2008zw,
	author = "Pospelov, Maxim",
	title = "{Secluded U(1) below the weak scale}",
	eprint = "0811.1030",
	archivePrefix = "arXiv",
	primaryClass = "hep-ph",
	doi = "10.1103/PhysRevD.80.095002",
	journal = "Phys. Rev. D",
	volume = "80",
	pages = "095002",
	year = "2009"
}

@article{Gori:2022vri,
	author = "Gori, Stefania and others",
	title = "{Dark Sector Physics at High-Intensity Experiments}",
	eprint = "2209.04671",
	archivePrefix = "arXiv",
	primaryClass = "hep-ph",
	reportNumber = "FERMILAB-PUB-22-672-SCD-T",
	month = "9",
	year = "2022"
}


@article{Burles:2000zk,
	author = "Burles, Scott and Nollett, Kenneth M. and Turner, Michael S.",
	title = "{Big bang nucleosynthesis predictions for precision cosmology}",
	eprint = "astro-ph/0010171",
	archivePrefix = "arXiv",
	reportNumber = "FERMILAB-PUB-00-382-A",
	doi = "10.1086/320251",
	journal = "Astrophys. J. Lett.",
	volume = "552",
	pages = "L1--L6",
	year = "2001"
}


@article{Giese:2020znk,
	author = "Giese, Felix and Konstandin, Thomas and Schmitz, Kai and van de Vis, Jorinde",
	title = "{Model-independent energy budget for LISA}",
	eprint = "2010.09744",
	archivePrefix = "arXiv",
	primaryClass = "astro-ph.CO",
	reportNumber = "DESY-20-173, DESY 20-173, CERN-TH-2020-170",
	doi = "10.1088/1475-7516/2021/01/072",
	journal = "JCAP",
	volume = "01",
	pages = "072",
	year = "2021"
}

@Article{Wainwright:2011kj,
  author        = {Wainwright, Carroll L.},
  journal       = {Comput. Phys. Commun.},
  title         = {{CosmoTransitions: Computing Cosmological Phase Transition Temperatures and Bubble Profiles with Multiple Fields}},
  year          = {2012},
  pages         = {2006--2013},
  volume        = {183},
  archiveprefix = {arXiv},
  doi           = {10.1016/j.cpc.2012.04.004},
  eprint        = {1109.4189},
  primaryclass  = {hep-ph},
}



@Article{LISA:2017pwj,
  author        = {Amaro-Seoane, Pau and others},
  title         = {{Laser Interferometer Space Antenna}},
  year          = {2017},
  month         = {2},
  archiveprefix = {arXiv},
  collaboration = {LISA},
  eprint        = {1702.00786},
  primaryclass  = {astro-ph.IM},
}

@Article{LIGOScientific:2016aoc,
  author        = {Abbott, B. P. and others},
  journal       = {Phys. Rev. Lett.},
  title         = {{Observation of Gravitational Waves from a Binary Black Hole Merger}},
  year          = {2016},
  number        = {6},
  pages         = {061102},
  volume        = {116},
  archiveprefix = {arXiv},
  collaboration = {LIGO Scientific, Virgo},
  doi           = {10.1103/PhysRevLett.116.061102},
  eprint        = {1602.03837},
  primaryclass  = {gr-qc},
  reportnumber  = {LIGO-P150914},
}

@book{Maggiore:2018sht,
	author = "Maggiore, Michele",
	title = "{Gravitational Waves. Vol. 2: Astrophysics and Cosmology}",
	isbn = "978-0-19-857089-9",
	publisher = "Oxford University Press",
	month = "3",
	year = "2018"
}

@Article{Holdom:1985ag,
  author       = {Holdom, Bob},
  journal      = {Phys. Lett. B},
  title        = {{Two U(1)'s and Epsilon Charge Shifts}},
  year         = {1986},
  pages        = {196--198},
  volume       = {166},
  doi          = {10.1016/0370-2693(86)91377-8},
  reportnumber = {UTPT-85-30},
}

@article{Jinno:2022mie,
	author = "Jinno, Ryusuke and Konstandin, Thomas and Rubira, Henrique and Stomberg, Isak",
	title = "{Higgsless simulations of cosmological phase transitions and gravitational waves}",
	eprint = "2209.04369",
	archivePrefix = "arXiv",
	primaryClass = "astro-ph.CO",
	reportNumber = "DESY 22-148, IFT-UAM/CSIC-22-100, TUM-HEP-1416/22",
	doi = "10.1088/1475-7516/2023/02/011",
	journal = "JCAP",
	volume = "02",
	pages = "011",
	year = "2023"
}


@article{Jinno:2020eqg,
	author = "Jinno, Ryusuke and Konstandin, Thomas and Rubira, Henrique",
	title = "{A hybrid simulation of gravitational wave production in first-order phase transitions}",
	eprint = "2010.00971",
	archivePrefix = "arXiv",
	primaryClass = "astro-ph.CO",
	reportNumber = "DESY-20-170, DESY 20-170",
	doi = "10.1088/1475-7516/2021/04/014",
	journal = "JCAP",
	volume = "04",
	pages = "014",
	year = "2021"
}

@article{Hindmarsh:2013xza,
	author = "Hindmarsh, Mark and Huber, Stephan J. and Rummukainen, Kari and Weir, David J.",
	title = "{Gravitational waves from the sound of a first order phase transition}",
	eprint = "1304.2433",
	archivePrefix = "arXiv",
	primaryClass = "hep-ph",
	reportNumber = "HIP-2013-07-TH",
	doi = "10.1103/PhysRevLett.112.041301",
	journal = "Phys. Rev. Lett.",
	volume = "112",
	pages = "041301",
	year = "2014"
}

@article{Cutting:2018tjt,
	author = "Cutting, Daniel and Hindmarsh, Mark and Weir, David J.",
	title = "{Gravitational waves from vacuum first-order phase transitions: from the envelope to the lattice}",
	eprint = "1802.05712",
	archivePrefix = "arXiv",
	primaryClass = "astro-ph.CO",
	reportNumber = "HIP-2018-4-TH",
	doi = "10.1103/PhysRevD.97.123513",
	journal = "Phys. Rev. D",
	volume = "97",
	number = "12",
	pages = "123513",
	year = "2018"
}

@article{Cutting:2019zws,
	author = "Cutting, Daniel and Hindmarsh, Mark and Weir, David J.",
	title = "{Vorticity, kinetic energy, and suppressed gravitational wave production in strong first order phase transitions}",
	eprint = "1906.00480",
	archivePrefix = "arXiv",
	primaryClass = "hep-ph",
	reportNumber = "HIP-2019-15/TH",
	doi = "10.1103/PhysRevLett.125.021302",
	journal = "Phys. Rev. Lett.",
	volume = "125",
	number = "2",
	pages = "021302",
	year = "2020"
}

@article{Randall:2006py,
	author = "Randall, Lisa and Servant, Geraldine",
	title = "{Gravitational waves from warped spacetime}",
	eprint = "hep-ph/0607158",
	archivePrefix = "arXiv",
	reportNumber = "CERN-PH-TH-2006-133",
	doi = "10.1088/1126-6708/2007/05/054",
	journal = "JHEP",
	volume = "05",
	pages = "054",
	year = "2007"
}

@article{Konstandin:2011dr,
	author = "Konstandin, Thomas and Servant, Geraldine",
	title = "{Cosmological Consequences of Nearly Conformal Dynamics at the TeV scale}",
	eprint = "1104.4791",
	archivePrefix = "arXiv",
	primaryClass = "hep-ph",
	doi = "10.1088/1475-7516/2011/12/009",
	journal = "JCAP",
	volume = "12",
	pages = "009",
	year = "2011"
}




@article{Weihs:2011wp,
	author = "Weihs, Erich and Zurita, Jose",
	title = "{Dark Higgs Models at the 7 TeV LHC}",
	eprint = "1110.5909",
	archivePrefix = "arXiv",
	primaryClass = "hep-ph",
	reportNumber = "ZU-TH-20-11, LPN11-56",
	doi = "10.1007/JHEP02(2012)041",
	journal = "JHEP",
	volume = "02",
	pages = "041",
	year = "2012"
}


@article{Schabinger:2005ei,
	author = "Schabinger, Robert M. and Wells, James D.",
	title = "{A Minimal spontaneously broken hidden sector and its impact on Higgs boson physics at the large hadron collider}",
	eprint = "hep-ph/0509209",
	archivePrefix = "arXiv",
	doi = "10.1103/PhysRevD.72.093007",
	journal = "Phys. Rev. D",
	volume = "72",
	pages = "093007",
	year = "2005"
}


@article{Patt:2006fw,
	author = "Patt, Brian and Wilczek, Frank",
	title = "{Higgs-field portal into hidden sectors}",
	eprint = "hep-ph/0605188",
	archivePrefix = "arXiv",
	reportNumber = "MIT-CTP-3745",
	month = "5",
	year = "2006"
}


@article{Duerr:2016tmh,
	author = "Duerr, Michael and Kahlhoefer, Felix and Schmidt-Hoberg, Kai and Schwetz, Thomas and Vogl, Stefan",
	title = "{How to save the WIMP: global analysis of a dark matter model with two s-channel mediators}",
	eprint = "1606.07609",
	archivePrefix = "arXiv",
	primaryClass = "hep-ph",
	reportNumber = "DESY-16-113",
	doi = "10.1007/JHEP09(2016)042",
	journal = "JHEP",
	volume = "09",
	pages = "042",
	year = "2016"
}


@Article{Depta:2020zbh,
  author        = {Depta, Paul Frederik and Hufnagel, Marco and Schmidt-Hoberg, Kai},
  journal       = {JCAP},
  title         = {{Updated BBN constraints on electromagnetic decays of MeV-scale particles}},
  year          = {2021},
  pages         = {011},
  volume        = {04},
  archiveprefix = {arXiv},
  doi           = {10.1088/1475-7516/2021/04/011},
  eprint        = {2011.06519},
  primaryclass  = {hep-ph},
  reportnumber  = {DESY-20-160, DESY 20-160, ULB-TH/20-15},
}

@Article{Bai:2021ibt,
  author        = {Bai, Yang and Korwar, Mrunal},
  journal       = {Phys. Rev. D},
  title         = {{Cosmological constraints on first-order phase transitions}},
  year          = {2022},
  number        = {9},
  pages         = {095015},
  volume        = {105},
  archiveprefix = {arXiv},
  doi           = {10.1103/PhysRevD.105.095015},
  eprint        = {2109.14765},
  primaryclass  = {hep-ph},
}


@Misc{NANOGravTut,
	author       = {Stephen Taylor and Sarah Vigeland and Joe Simon and Bence Becsy and Aaron Johnson},
	year         = {2021},
	title        = {PTA GWB Analysis},
	organization = {NANOGrav Collaboration},
	url          = {https://github.com/nanograv/12p5yr_stochastic_analysis},
	timestamp    = {2022-05-21},
}

@article{CTA:2020qlo,
	author = "Acharyya, A. and others",
	collaboration = "CTA",
	title = "{Sensitivity of the Cherenkov Telescope Array to a dark matter signal from the Galactic centre}",
	eprint = "2007.16129",
	archivePrefix = "arXiv",
	primaryClass = "astro-ph.HE",
	doi = "10.1088/1475-7516/2021/01/057",
	journal = "JCAP",
	volume = "01",
	pages = "057",
	year = "2021"
}


@article{Bell:2016fqf,
	author = "Bell, Nicole F. and Cai, Yi and Leane, Rebecca K.",
	title = "{Dark Forces in the Sky: Signals from Z' and the Dark Higgs}",
	eprint = "1605.09382",
	archivePrefix = "arXiv",
	primaryClass = "hep-ph",
	doi = "10.1088/1475-7516/2016/08/001",
	journal = "JCAP",
	volume = "08",
	pages = "001",
	year = "2016"
}

@phdthesis{Vanvlasselaer:2022fqf,
	author = "Vanvlasselaer, Miguel Etienne A.",
	title = "{Dynamics of phase transitions in the early universe and cosmological consequences}",
	school = "SISSA, Trieste",
	year = "2022"
}

@article{Croon:2018kqn,
	author = "Croon, Djuna and Gonzalo, Tom\'as E. and White, Graham",
	title = "{Gravitational Waves from a Pati-Salam Phase Transition}",
	eprint = "1812.02747",
	archivePrefix = "arXiv",
	primaryClass = "hep-ph",
	reportNumber = "CoEPP-MN-18-11, CoEPP-MN-18-10",
	doi = "10.1007/JHEP02(2019)083",
	journal = "JHEP",
	volume = "02",
	pages = "083",
	year = "2019"
}

@Article{Madge:2018gfl,
  author        = {Madge, Eric and Schwaller, Pedro},
  journal       = {JHEP},
  title         = {{Leptophilic dark matter from gauged lepton number: Phenomenology and gravitational wave signatures}},
  year          = {2019},
  pages         = {048},
  volume        = {02},
  archiveprefix = {arXiv},
  doi           = {10.1007/JHEP02(2019)048},
  eprint        = {1809.09110},
  primaryclass  = {hep-ph},
  reportnumber  = {MITP/18-088},
}

@article{Athron:2023aqe,
	author = "Athron, Peter and Bal\'azs, Csaba and Gonzalo, Tom\'as E. and Pearce, Matthew",
	title = "{Falsifying Pati-Salam models with LIGO}",
	eprint = "2307.02544",
	archivePrefix = "arXiv",
	primaryClass = "hep-ph",
	reportNumber = "TTP23-022",
	month = "7",
	year = "2023"
}

@article{Coleman:1973jx,
	author = "Coleman, Sidney R. and Weinberg, Erick J.",
	title = "{Radiative Corrections as the Origin of Spontaneous Symmetry Breaking}",
	doi = "10.1103/PhysRevD.7.1888",
	journal = "Phys. Rev. D",
	volume = "7",
	pages = "1888--1910",
	year = "1973"
}

@article{Basler:2018cwe,
	author = {Basler, Philipp and M\"uhlleitner, Margarete},
	title = "{BSMPT (Beyond the Standard Model Phase Transitions): A tool for the electroweak phase transition in extended Higgs sectors}",
	eprint = "1803.02846",
	archivePrefix = "arXiv",
	primaryClass = "hep-ph",
	doi = "10.1016/j.cpc.2018.11.006",
	journal = "Comput. Phys. Commun.",
	volume = "237",
	pages = "62--85",
	year = "2019"
}

@Article{Bringmann:2018lay,
  author        = {Bringmann, Torsten and Edsj\"o, Joakim and Gondolo, Paolo and Ullio, Piero and Bergstr\"om, Lars},
  journal       = {JCAP},
  title         = {{DarkSUSY 6 : An Advanced Tool to Compute Dark Matter Properties Numerically}},
  year          = {2018},
  pages         = {033},
  volume        = {07},
  archiveprefix = {arXiv},
  doi           = {10.1088/1475-7516/2018/07/033},
  eprint        = {1802.03399},
  primaryclass  = {hep-ph},
}

@Article{Guth:1981uk,
  author       = {Guth, Alan H. and Weinberg, Erick J.},
  journal      = {Phys. Rev. D},
  title        = {{Cosmological Consequences of a First Order Phase Transition in the SU(5) Grand Unified Model}},
  year         = {1981},
  pages        = {876},
  volume       = {23},
  doi          = {10.1103/PhysRevD.23.876},
  reportnumber = {CU-TP-183},
}

@article{Ellis:2018mja,
	author = "Ellis, John and Lewicki, Marek and No, Jos\'e Miguel",
	title = "{On the Maximal Strength of a First-Order Electroweak Phase Transition and its Gravitational Wave Signal}",
	eprint = "1809.08242",
	archivePrefix = "arXiv",
	primaryClass = "hep-ph",
	reportNumber = "KCL-PH-TH/2018-46, CERN-TH/2018-197, IFT-UAM/CSIC-18-94, CERN-TH-2018-197",
	doi = "10.1088/1475-7516/2019/04/003",
	journal = "JCAP",
	volume = "04",
	pages = "003",
	year = "2019"
}

@article{Athron:2023rfq,
	author = "Athron, Peter and Morris, Lachlan and Xu, Zhongxiu",
	title = "{How robust are gravitational wave predictions from cosmological phase transitions?}",
	eprint = "2309.05474",
	archivePrefix = "arXiv",
	primaryClass = "hep-ph",
	month = "9",
	year = "2023"
}

@article{Lewicki:2022pdb,
	author = "Lewicki, Marek and Vaskonen, Ville",
	title = "{Gravitational waves from bubble collisions and fluid motion in strongly supercooled phase transitions}",
	eprint = "2208.11697",
	archivePrefix = "arXiv",
	primaryClass = "astro-ph.CO",
	doi = "10.1140/epjc/s10052-023-11241-3",
	journal = "Eur. Phys. J. C",
	volume = "83",
	number = "2",
	pages = "109",
	year = "2023"
}

@article{TianQin:2015yph,
	author = "Luo, Jun and others",
	collaboration = "TianQin",
	title = "{TianQin: a space-borne gravitational wave detector}",
	eprint = "1512.02076",
	archivePrefix = "arXiv",
	primaryClass = "astro-ph.IM",
	doi = "10.1088/0264-9381/33/3/035010",
	journal = "Class. Quant. Grav.",
	volume = "33",
	number = "3",
	pages = "035010",
	year = "2016"
}

@article{Punturo:2010zz,
	author = "Punturo, M. and others",
	editor = "Ricci, Fulvio",
	title = "{The Einstein Telescope: A third-generation gravitational wave observatory}",
	doi = "10.1088/0264-9381/27/19/194002",
	journal = "Class. Quant. Grav.",
	volume = "27",
	pages = "194002",
	year = "2010"
}


@article{Espinosa:2008kw,
	author = "Espinosa, J. R. and Konstandin, T. and No, J. M. and Quiros, M.",
	title = "{Some Cosmological Implications of Hidden Sectors}",
	eprint = "0809.3215",
	archivePrefix = "arXiv",
	primaryClass = "hep-ph",
	reportNumber = "CERN-PH-TH-2008-196, IFT-UAM-CSIC-08-54, UAB-FT-655",
	doi = "10.1103/PhysRevD.78.123528",
	journal = "Phys. Rev. D",
	volume = "78",
	pages = "123528",
	year = "2008"
}

@article{Alanne:2014bra,
	author = "Alanne, Tommi and Tuominen, Kimmo and Vaskonen, Ville",
	title = "{Strong phase transition, dark matter and vacuum stability from simple hidden sectors}",
	eprint = "1407.0688",
	archivePrefix = "arXiv",
	primaryClass = "hep-ph",
	doi = "10.1016/j.nuclphysb.2014.11.001",
	journal = "Nucl. Phys. B",
	volume = "889",
	pages = "692--711",
	year = "2014"
}

@article{Baldes:2017rcu,
	author = "Baldes, Iason",
	title = "{Gravitational waves from the asymmetric-dark-matter generating phase transition}",
	eprint = "1702.02117",
	archivePrefix = "arXiv",
	primaryClass = "hep-ph",
	reportNumber = "DESY-17-021",
	doi = "10.1088/1475-7516/2017/05/028",
	journal = "JCAP",
	volume = "05",
	pages = "028",
	year = "2017"
}

@article{Hall:2019rld,
	author = "Hall, Eleanor and Konstandin, Thomas and McGehee, Robert and Murayama, Hitoshi",
	title = "{Asymmetric matter from a dark first-order phase transition}",
	eprint = "1911.12342",
	archivePrefix = "arXiv",
	primaryClass = "hep-ph",
	reportNumber = "IPMU19-0171, DESY 19-209, DESY-19-209",
	doi = "10.1103/PhysRevD.107.055011",
	journal = "Phys. Rev. D",
	volume = "107",
	number = "5",
	pages = "055011",
	year = "2023"
}

@article{Lewicki:2023mik,
	author = {Lewicki, Marek and M\"u\"ursepp, Kristjan and Pata, Joosep and Vasar, Martin and Vaskonen, Ville and Veerm\"ae, Hardi},
	title = "{Dynamics of false vacuum bubbles with trapped particles}",
	eprint = "2305.07702",
	archivePrefix = "arXiv",
	primaryClass = "hep-ph",
	doi = "10.1103/PhysRevD.108.036023",
	journal = "Phys. Rev. D",
	volume = "108",
	number = "3",
	pages = "036023",
	year = "2023"
}

@article{Kanemura:2023jiw,
	author = "Kanemura, Shinya and Li, Shao-Ping",
	title = "{Dark phase transition from WIMP: complementary tests from gravitational waves and colliders}",
	eprint = "2308.16390",
	archivePrefix = "arXiv",
	primaryClass = "hep-ph",
	month = "8",
	year = "2023"
}

@article{Ekstedt:2022bff,
	author = "Ekstedt, Andreas and Schicho, Philipp and Tenkanen, Tuomas V. I.",
	title = "{DRalgo: A package for effective field theory approach for thermal phase transitions}",
	eprint = "2205.08815",
	archivePrefix = "arXiv",
	primaryClass = "hep-ph",
	reportNumber = "HIP-2022-11/TH, NORDITA 2022-030",
	doi = "10.1016/j.cpc.2023.108725",
	journal = "Comput. Phys. Commun.",
	volume = "288",
	pages = "108725",
	year = "2023"
}

@Article{Weldon:1983jn,
  author       = {Weldon, H. Arthur},
  journal      = {Phys. Rev. D},
  title        = {{Simple Rules for Discontinuities in Finite Temperature Field Theory}},
  year         = {1983},
  pages        = {2007},
  volume       = {28},
  doi          = {10.1103/PhysRevD.28.2007},
  reportnumber = {PRINT-83-0452 (PENN)},
}

@Article{Arcadi:2019oxh,
  author        = {Arcadi, Giorgio and Lebedev, Oleg and Pokorski, Stefan and Toma, Takashi},
  journal       = {JHEP},
  title         = {{Real Scalar Dark Matter: Relativistic Treatment}},
  year          = {2019},
  pages         = {050},
  volume        = {08},
  archiveprefix = {arXiv},
  doi           = {10.1007/JHEP08(2019)050},
  eprint        = {1906.07659},
  primaryclass  = {hep-ph},
}

@Article{DeRomeri:2020wng,
  author        = {De Romeri, Valentina and Karamitros, Dimitrios and Lebedev, Oleg and Toma, Takashi},
  journal       = {JHEP},
  title         = {{Neutrino dark matter and the Higgs portal: improved freeze-in analysis}},
  year          = {2020},
  pages         = {137},
  volume        = {10},
  archiveprefix = {arXiv},
  doi           = {10.1007/JHEP10(2020)137},
  eprint        = {2003.12606},
  primaryclass  = {hep-ph},
}

@article{Ilten:2018crw,
	author = "Ilten, Philip and Soreq, Yotam and Williams, Mike and Xue, Wei",
	title = "{Serendipity in dark photon searches}",
	eprint = "1801.04847",
	archivePrefix = "arXiv",
	primaryClass = "hep-ph",
	reportNumber = "MIT-CTP/4976, CERN-TH-2017-282, MIT-CTP-4976",
	doi = "10.1007/JHEP06(2018)004",
	journal = "JHEP",
	volume = "06",
	pages = "004",
	year = "2018"
}

@article{Bauer:2018onh,
	author = "Bauer, Martin and Foldenauer, Patrick and Jaeckel, Joerg",
	title = "{Hunting All the Hidden Photons}",
	eprint = "1803.05466",
	archivePrefix = "arXiv",
	primaryClass = "hep-ph",
	doi = "10.1007/JHEP07(2018)094",
	journal = "JHEP",
	volume = "07",
	pages = "094",
	year = "2018"
}

@article{GarciaGarcia:2022yqb,
	author = "Garcia Garcia, Isabel and Koszegi, Giacomo and Petrossian-Byrne, Rudin",
	title = "{Reflections on bubble walls}",
	eprint = "2212.10572",
	archivePrefix = "arXiv",
	primaryClass = "hep-ph",
	doi = "10.1007/JHEP09(2023)013",
	journal = "JHEP",
	volume = "09",
	pages = "013",
	year = "2023"
}

@article{Liu:1992tn,
	author = "Liu, Bao-Hua and McLerran, Larry D. and Turok, Neil",
	title = "{Bubble nucleation and growth at a baryon number producing electroweak phase transition}",
	reportNumber = "TPI-MINN-92-18-T",
	doi = "10.1103/PhysRevD.46.2668",
	journal = "Phys. Rev. D",
	volume = "46",
	pages = "2668--2688",
	year = "1992"
}

@article{Azatov:2023xem,
	author = "Azatov, Aleksandr and Barni, Giulio and Petrossian-Byrne, Rudin and Vanvlasselaer, Miguel",
	title = "{Quantisation Across Bubble Walls and Friction}",
	eprint = "2310.06972",
	archivePrefix = "arXiv",
	primaryClass = "hep-ph",
	month = "10",
	year = "2023"
}

@Article{Hung:1979dn,
  author       = {Hung, Pham Quang},
  journal      = {Phys. Rev. Lett.},
  title        = {{Vacuum Instability and New Constraints on Fermion Masses}},
  year         = {1979},
  pages        = {873},
  volume       = {42},
  doi          = {10.1103/PhysRevLett.42.873},
  reportnumber = {FERMILAB-PUB-79-014-T},
}


@Article{Ginsparg:1980ef,
  author       = {Ginsparg, Paul H.},
  journal      = {Nucl. Phys. B},
  title        = {{First Order and Second Order Phase Transitions in Gauge Theories at Finite Temperature}},
  year         = {1980},
  pages        = {388--408},
  volume       = {170},
  doi          = {10.1016/0550-3213(80)90418-6},
  reportnumber = {SACLAY-DPh-T 80/27},
}

@article{Weinberg:1976pe,
	author = "Weinberg, Steven",
	title = "{Mass of the Higgs Boson}",
	doi = "10.1103/PhysRevLett.36.294",
	journal = "Phys. Rev. Lett.",
	volume = "36",
	pages = "294--296",
	year = "1976"
}

@article{Gouttenoire:2021kjv,
	author = "Gouttenoire, Yann and Jinno, Ryusuke and Sala, Filippo",
	title = "{Friction pressure on relativistic bubble walls}",
	eprint = "2112.07686",
	archivePrefix = "arXiv",
	primaryClass = "hep-ph",
	reportNumber = "DESY-21-147, IFT-UAM/CSIC-21-146",
	doi = "10.1007/JHEP05(2022)004",
	journal = "JHEP",
	volume = "05",
	pages = "004",
	year = "2022"
}

@article{Hoche:2020ysm,
	author = {H\"oche, Stefan and Kozaczuk, Jonathan and Long, Andrew J. and Turner, Jessica and Wang, Yikun},
	title = "{Towards an all-orders calculation of the electroweak bubble wall velocity}",
	eprint = "2007.10343",
	archivePrefix = "arXiv",
	primaryClass = "hep-ph",
	reportNumber = "FERMILAB-PUB-20-274-T",
	doi = "10.1088/1475-7516/2021/03/009",
	journal = "JCAP",
	volume = "03",
	pages = "009",
	year = "2021"
}

@article{AbdusSalam:2020rdj,
	author = "AbdusSalam, Shehu S. and others",
	title = "{Simple and statistically sound recommendations for analysing physical theories}",
	eprint = "2012.09874",
	archivePrefix = "arXiv",
	primaryClass = "hep-ph",
	reportNumber = "PSI-PR-20-23, BONN-TH-2020-11, CP3-20-59, KCL-PH-TH/2020-75,
	P3H-20-080, TTP20-044, TUM-HEP-1310/20, IFT-UAM/CSIC-20-180, TTK-20-47,
	CERN-TH-2020-215, FTPI-MINN-20-36, UMN-TH-4005/20, HU-EP-20/37, DESY 20-222,
	ADP-20-33/T1143, DESY-20-222, Imperial/TP/2020/RT/04, UCI-TR-2020-19, gambit-review-2020",
	doi = "10.1088/1361-6633/ac60ac",
	journal = "Rept. Prog. Phys.",
	volume = "85",
	number = "5",
	pages = "052201",
	year = "2022"
}

@article{Li:2023bxy,
	author = "Li, Shao-Ping and Xie, Ke-Pan",
	title = "{Collider test of nano-Hertz gravitational waves from pulsar timing arrays}",
	eprint = "2307.01086",
	archivePrefix = "arXiv",
	primaryClass = "hep-ph",
	doi = "10.1103/PhysRevD.108.055018",
	journal = "Phys. Rev. D",
	volume = "108",
	number = "5",
	pages = "055018",
	year = "2023"
}

@article{Biondini:2022ggt,
	author = "Biondini, Simone and Schicho, Philipp and Tenkanen, Tuomas V. I.",
	title = "{Strong electroweak phase transition in t-channel simplified dark matter models}",
	eprint = "2207.12207",
	archivePrefix = "arXiv",
	primaryClass = "hep-ph",
	reportNumber = "HIP-2022-19/TH, NORDITA 2022-050",
	doi = "10.1088/1475-7516/2022/10/044",
	journal = "JCAP",
	volume = "10",
	pages = "044",
	year = "2022"
}

@article{Arcadi:2023lwc,
	author = "Arcadi, Giorgio and Dorsch, Glauber C. and Neto, Jacinto P. and Queiroz, Farinaldo S. and Oviedo-Torres, Y. M.",
	title = "{Probing a dark sector with collider physics, direct detection, and gravitational waves}",
	eprint = "2307.06376",
	archivePrefix = "arXiv",
	primaryClass = "hep-ph",
	doi = "10.1016/j.physletb.2023.138382",
	journal = "Phys. Lett. B",
	volume = "848",
	pages = "138382",
	year = "2024"
}


@article{Athron:2023xlk,
	author = "Athron, Peter and Bal\'azs, Csaba and Fowlie, Andrew and Morris, Lachlan and Wu, Lei",
	title = "{Cosmological phase transitions: from perturbative particle physics to gravitational waves}",
	eprint = "2305.02357",
	archivePrefix = "arXiv",
	primaryClass = "hep-ph",
	month = "5",
	year = "2023"
}



@article{Seto:2001qf,
	author = "Seto, Naoki and Kawamura, Seiji and Nakamura, Takashi",
	title = "{Possibility of direct measurement of the acceleration of the universe using 0.1-Hz band laser interferometer gravitational wave antenna in space}",
	eprint = "astro-ph/0108011",
	archivePrefix = "arXiv",
	doi = "10.1103/PhysRevLett.87.221103",
	journal = "Phys. Rev. Lett.",
	volume = "87",
	pages = "221103",
	year = "2001"
}

@Article{Chao:2020adk,
  author        = {Chao, Wei and Li, Xiu-Fei and Wang, Lei},
  journal       = {JCAP},
  title         = {{Filtered pseudo-scalar dark matter and gravitational waves from first order phase transition}},
  year          = {2021},
  pages         = {038},
  volume        = {06},
  archiveprefix = {arXiv},
  doi           = {10.1088/1475-7516/2021/06/038},
  eprint        = {2012.15113},
  primaryclass  = {hep-ph},
}

@Article{Hambye:2018qjv,
  author        = {Hambye, Thomas and Strumia, Alessandro and Teresi, Daniele},
  journal       = {JHEP},
  title         = {{Super-cool Dark Matter}},
  year          = {2018},
  pages         = {188},
  volume        = {08},
  archiveprefix = {arXiv},
  doi           = {10.1007/JHEP08(2018)188},
  eprint        = {1805.01473},
  primaryclass  = {hep-ph},
  reportnumber  = {ULB-TH/18-06, CERN-TH-2018-110, IFUP-TH/2018, ULB-TH-18-06},
}

@article{Guo:2021qcq,
	author = "Guo, Huai-Ke and Sinha, Kuver and Vagie, Daniel and White, Graham",
	title = "{The benefits of diligence: how precise are predicted gravitational wave spectra in models with phase transitions?}",
	eprint = "2103.06933",
	archivePrefix = "arXiv",
	primaryClass = "hep-ph",
	doi = "10.1007/JHEP06(2021)164",
	journal = "JHEP",
	volume = "06",
	pages = "164",
	year = "2021"
}

@InProceedings{Quiros:1999jp,
  author        = {Quiros, Mariano},
  booktitle     = {{ICTP Summer School in High-Energy Physics and Cosmology}},
  title         = {{Finite temperature field theory and phase transitions}},
  year          = {1999},
  month         = {1},
  pages         = {187--259},
  archiveprefix = {arXiv},
  eprint        = {hep-ph/9901312},
  reportnumber  = {IEM-FT-187-99},
}

@Article{Turner:1992tz,
  author       = {Turner, Michael S. and Weinberg, Erick J. and Widrow, Lawrence M.},
  journal      = {Phys. Rev. D},
  title        = {{Bubble nucleation in first order inflation and other cosmological phase transitions}},
  year         = {1992},
  pages        = {2384--2403},
  volume       = {46},
  doi          = {10.1103/PhysRevD.46.2384},
  reportnumber = {FERMILAB-PUB-91-334-A, CU-TP-558, IASSNS-HEP-92-21},
}

@article{Guo:2020grp,
	author = "Guo, Huai-Ke and Sinha, Kuver and Vagie, Daniel and White, Graham",
	title = "{Phase Transitions in an Expanding Universe: Stochastic Gravitational Waves in Standard and Non-Standard Histories}",
	eprint = "2007.08537",
	archivePrefix = "arXiv",
	primaryClass = "hep-ph",
	doi = "10.1088/1475-7516/2021/01/001",
	journal = "JCAP",
	volume = "01",
	pages = "001",
	year = "2021"
}

@article{Lewicki:2020jiv,
	author = "Lewicki, Marek and Vaskonen, Ville",
	title = "{Gravitational wave spectra from strongly supercooled phase transitions}",
	eprint = "2007.04967",
	archivePrefix = "arXiv",
	primaryClass = "astro-ph.CO",
	reportNumber = "KCL-PH-TH/2020-36",
	doi = "10.1140/epjc/s10052-020-08589-1",
	journal = "Eur. Phys. J. C",
	volume = "80",
	number = "11",
	pages = "1003",
	year = "2020"
}

@article{Konstandin:2017sat,
	author = "Konstandin, Thomas",
	title = "{Gravitational radiation from a bulk flow model}",
	eprint = "1712.06869",
	archivePrefix = "arXiv",
	primaryClass = "astro-ph.CO",
	reportNumber = "DESY-17-227",
	doi = "10.1088/1475-7516/2018/03/047",
	journal = "JCAP",
	volume = "03",
	pages = "047",
	year = "2018"
}

@article{Jinno:2017fby,
	author = "Jinno, Ryusuke and Takimoto, Masahiro",
	title = "{Gravitational waves from bubble dynamics: Beyond the Envelope}",
	eprint = "1707.03111",
	archivePrefix = "arXiv",
	primaryClass = "hep-ph",
	reportNumber = "CTPU-17-26, KEK-TH-1986",
	doi = "10.1088/1475-7516/2019/01/060",
	journal = "JCAP",
	volume = "01",
	pages = "060",
	year = "2019"
}

@article{Child:2012qg,
	author = "Child, Hillary L. and Giblin, Jr., John T.",
	title = "{Gravitational Radiation from First-Order Phase Transitions}",
	eprint = "1207.6408",
	archivePrefix = "arXiv",
	primaryClass = "astro-ph.CO",
	doi = "10.1088/1475-7516/2012/10/001",
	journal = "JCAP",
	volume = "10",
	pages = "001",
	year = "2012"
}

@article{Ertas:2021xeh,
	author = "Ertas, Fatih and Kahlhoefer, Felix and Tasillo, Carlo",
	title = "{Turn up the volume: listening to phase transitions in hot dark sectors}",
	eprint = "2109.06208",
	archivePrefix = "arXiv",
	primaryClass = "astro-ph.CO",
	reportNumber = "TTK-21-36, DESY-22-014",
	doi = "10.1088/1475-7516/2022/02/014",
	journal = "JCAP",
	volume = "02",
	number = "02",
	pages = "014",
	year = "2022"
}


@article{GAMBIT:2017yxo,
	author = "Athron, Peter and others",
	collaboration = "GAMBIT",
	title = "{GAMBIT: The Global and Modular Beyond-the-Standard-Model Inference Tool}",
	eprint = "1705.07908",
	archivePrefix = "arXiv",
	primaryClass = "hep-ph",
	reportNumber = "COEPP-MN-17-6, NORDITA-2017-074, DESY-17-236, CERN-TH-2017-166, CoEPP-MN-17-6, NORDITA 2017-074, gambit-code-2017",
	doi = "10.1140/epjc/s10052-017-5321-8",
	journal = "Eur. Phys. J. C",
	volume = "77",
	number = "11",
	pages = "784",
	year = "2017",
	note = "[Addendum: Eur.Phys.J.C 78, 98 (2018)]"
}


@article{EPTA:2023fyk,
	author = "Antoniadis, J. and others",
	collaboration = "EPTA",
	title = "{The second data release from the European Pulsar Timing Array III. Search for gravitational wave signals}",
	eprint = "2306.16214",
	archivePrefix = "arXiv",
	primaryClass = "astro-ph.HE",
	doi = "10.1051/0004-6361/202346844",
	journal = "Astron. Astrophys.",
	volume = "678",
	pages = "A50",
	year = "2023"
}

@article{Vaskonen:2020lbd,
	author = {Vaskonen, Ville and Veerm\"ae, Hardi},
	title = "{Did NANOGrav see a signal from primordial black hole formation?}",
	eprint = "2009.07832",
	archivePrefix = "arXiv",
	primaryClass = "astro-ph.CO",
	doi = "10.1103/PhysRevLett.126.051303",
	journal = "Phys. Rev. Lett.",
	volume = "126",
	number = "5",
	pages = "051303",
	year = "2021"
}

@article{Kohri:2020qqd,
	author = "Kohri, Kazunori and Terada, Takahiro",
	title = "{Solar-Mass Primordial Black Holes Explain NANOGrav Hint of Gravitational Waves}",
	eprint = "2009.11853",
	archivePrefix = "arXiv",
	primaryClass = "astro-ph.CO",
	reportNumber = "KEK-TH-2260, KEK-Cosmo-0263, CTPU-PTC-20-22",
	doi = "10.1016/j.physletb.2020.136040",
	journal = "Phys. Lett. B",
	volume = "813",
	pages = "136040",
	year = "2021"
}

@article{Antoniadis:2022pcn,
	author = "Antoniadis, J. and others",
	title = "{The International Pulsar Timing Array second data release: Search for an isotropic gravitational wave background}",
	eprint = "2201.03980",
	archivePrefix = "arXiv",
	primaryClass = "astro-ph.HE",
	doi = "10.1093/mnras/stab3418",
	journal = "Mon. Not. Roy. Astron. Soc.",
	volume = "510",
	number = "4",
	pages = "4873--4887",
	year = "2022"
}

@article{Phinney:2001di,
	author = "Phinney, E. S.",
	title = "{A Practical theorem on gravitational wave backgrounds}",
	journal = "",
	eprint = "astro-ph/0108028",
	archivePrefix = "arXiv",
	month = "7",
	year = "2001"
}

@book{Maggiore:2007ulw,
	author = "Maggiore, Michele",
	title = "{Gravitational Waves. Vol. 1: Theory and Experiments}",
	doi = "10.1093/acprof:oso/9780198570745.001.0001",
	isbn = "978-0-19-171766-6, 978-0-19-852074-0",
	publisher = "Oxford University Press",
	year = "2007"
}


@article{Buchmuller:2020lbh,
	author = "Buchmuller, Wilfried and Domcke, Valerie and Schmitz, Kai",
	title = "{From NANOGrav to LIGO with metastable cosmic strings}",
	eprint = "2009.10649",
	archivePrefix = "arXiv",
	primaryClass = "astro-ph.CO",
	reportNumber = "CERN-TH-2020-157, DESY 20-154, DESY-20-154",
	doi = "10.1016/j.physletb.2020.135914",
	journal = "Phys. Lett. B",
	volume = "811",
	pages = "135914",
	year = "2020"
}

@article{Sato:2017dkf,
	author = "Sato, Shuichi and others",
	editor = "Giardini, Domencio and Jetzer, Philippe",
	title = "{The status of DECIGO}",
	doi = "10.1088/1742-6596/840/1/012010",
	journal = "J. Phys. Conf. Ser.",
	volume = "840",
	number = "1",
	pages = "012010",
	year = "2017"
}

@article{Crowder:2005nr,
	author = "Crowder, Jeff and Cornish, Neil J.",
	title = "{Beyond LISA: Exploring future gravitational wave missions}",
	eprint = "gr-qc/0506015",
	archivePrefix = "arXiv",
	doi = "10.1103/PhysRevD.72.083005",
	journal = "Phys. Rev. D",
	volume = "72",
	pages = "083005",
	year = "2005"
}


@Article{Cai:2020djd,
  author        = {Cai, Rong-Gen and Wang, Shao-Jiang},
  journal       = {JCAP},
  title         = {{Effective picture of bubble expansion}},
  year          = {2021},
  pages         = {096},
  volume        = {03},
  archiveprefix = {arXiv},
  doi           = {10.1088/1475-7516/2021/03/096},
  eprint        = {2011.11451},
  primaryclass  = {astro-ph.CO},
}

@Article{Marfatia:2020bcs,
  author        = {Marfatia, Danny and Tseng, Po-Yan},
  journal       = {JHEP},
  title         = {{Gravitational wave signals of dark matter freeze-out}},
  year          = {2021},
  pages         = {022},
  volume        = {02},
  archiveprefix = {arXiv},
  doi           = {10.1007/JHEP02(2021)022},
  eprint        = {2006.07313},
  primaryclass  = {hep-ph},
}

@Article{Wang:2020jrd,
  author        = {Wang, Xiao and Huang, Fa Peng and Zhang, Xinmin},
  journal       = {JCAP},
  title         = {{Phase transition dynamics and gravitational wave spectra of strong first-order phase transition in supercooled universe}},
  year          = {2020},
  pages         = {045},
  volume        = {05},
  archiveprefix = {arXiv},
  doi           = {10.1088/1475-7516/2020/05/045},
  eprint        = {2003.08892},
  primaryclass  = {hep-ph},
}

@article{Ellis:2020nnr,
	author = "Ellis, John and Lewicki, Marek and Vaskonen, Ville",
	title = "{Updated predictions for gravitational waves produced in a strongly supercooled phase transition}",
	eprint = "2007.15586",
	archivePrefix = "arXiv",
	primaryClass = "astro-ph.CO",
	reportNumber = "KCL-PH-TH/2020-40, CERN-TH-2020-129",
	doi = "10.1088/1475-7516/2020/11/020",
	journal = "JCAP",
	volume = "11",
	pages = "020",
	year = "2020"
}

@article{Farina:2016llk,
	author = "Farina, Marco and Pappadopulo, Duccio and Ruderman, Joshua T. and Trevisan, Gabriele",
	title = "{Phases of Cannibal Dark Matter}",
	eprint = "1607.03108",
	archivePrefix = "arXiv",
	primaryClass = "hep-ph",
	doi = "10.1007/JHEP12(2016)039",
	journal = "JHEP",
	volume = "12",
	pages = "039",
	year = "2016"
}

@article{Heimersheim:2020aoc,
	author = {Heimersheim, Stefan and Sch\"oneberg, Nils and Hooper, Deanna C. and Lesgourgues, Julien},
	title = "{Cannibalism hinders growth: Cannibal Dark Matter and the $S_8$ tension}",
	eprint = "2008.08486",
	archivePrefix = "arXiv",
	primaryClass = "astro-ph.CO",
	reportNumber = "TTK-20-26, ULB-TH/20-11",
	doi = "10.1088/1475-7516/2020/12/016",
	journal = "JCAP",
	volume = "12",
	pages = "016",
	year = "2020"
}

@article{Berlin:2016gtr,
	author = "Berlin, Asher and Hooper, Dan and Krnjaic, Gordan",
	title = "{Thermal Dark Matter From A Highly Decoupled Sector}",
	eprint = "1609.02555",
	archivePrefix = "arXiv",
	primaryClass = "hep-ph",
	reportNumber = "FERMILAB-PUB-16-318-A",
	doi = "10.1103/PhysRevD.94.095019",
	journal = "Phys. Rev. D",
	volume = "94",
	number = "9",
	pages = "095019",
	year = "2016"
}


@article{Caprini:2019egz,
	author = "Caprini, Chiara and others",
	title = "{Detecting gravitational waves from cosmological phase transitions with LISA: an update}",
	eprint = "1910.13125",
	archivePrefix = "arXiv",
	primaryClass = "astro-ph.CO",
	reportNumber = "DESY-19-159, IPPP/19/27, HIP-2019-14/TH, MITP/19-066, IFT-UAM/CSIC-19-139",
	doi = "10.1088/1475-7516/2020/03/024",
	journal = "JCAP",
	volume = "03",
	pages = "024",
	year = "2020"
}

@Article{Arnold:1992rz,
  author        = {Arnold, Peter Brockway and Espinosa, Olivier},
  journal       = {Phys. Rev. D},
  title         = {{The Effective potential and first order phase transitions: Beyond leading-order}},
  year          = {1993},
  note          = {[Erratum: Phys.Rev.D 50, 6662 (1994)]},
  pages         = {3546},
  volume        = {47},
  archiveprefix = {arXiv},
  doi           = {10.1103/PhysRevD.47.3546},
  eprint        = {hep-ph/9212235},
  reportnumber  = {UW-PT-92-18, USM-TH-60},
}

@book{Kolb:1990vq,
	author = "Kolb, Edward W. and Turner, Michael S.",
	title = "{The Early Universe}",
	reportNumber = "FERMILAB-BOOK-1990-01",
	doi = "10.1201/9780429492860",
	isbn = "978-0-201-62674-2",
	publisher = "Addison-Wesley",
	volume = "69",
	year = "1990"
}


@article{LIGOScientific:2018mvr,
	author = "Abbott, B. P. and others",
	collaboration = {LIGO Scientific Collaboration, Virgo},
	title = "{GWTC-1: A Gravitational-Wave Transient Catalog of Compact Binary Mergers Observed by LIGO and Virgo during the First and Second Observing Runs}",
	eprint = "1811.12907",
	archivePrefix = "arXiv",
	primaryClass = "astro-ph.HE",
	reportNumber = "LIGO-P1800307",
	doi = "10.1103/PhysRevX.9.031040",
	journal = "Phys. Rev. X",
	volume = "9",
	number = "3",
	pages = "031040",
	year = "2019"
}

@article{Bodeker:2017cim,
	author = "Bodeker, Dietrich and Moore, Guy D.",
	title = "{Electroweak Bubble Wall Speed Limit}",
	eprint = "1703.08215",
	archivePrefix = "arXiv",
	primaryClass = "hep-ph",
	doi = "10.1088/1475-7516/2017/05/025",
	journal = "JCAP",
	volume = "05",
	pages = "025",
	year = "2017"
}

@article{Azatov:2020ufh,
	author = "Azatov, Aleksandr and Vanvlasselaer, Miguel",
	title = "{Bubble wall velocity: heavy physics effects}",
	eprint = "2010.02590",
	archivePrefix = "arXiv",
	primaryClass = "hep-ph",
	reportNumber = "SISSA 247/2020/FISI",
	doi = "10.1088/1475-7516/2021/01/058",
	journal = "JCAP",
	volume = "01",
	pages = "058",
	year = "2021"
}

@article{Croon:2020cgk,
	author = "Croon, Djuna and Gould, Oliver and Schicho, Philipp and Tenkanen, Tuomas V. I. and White, Graham",
	title = "{Theoretical uncertainties for cosmological first-order phase transitions}",
	eprint = "2009.10080",
	archivePrefix = "arXiv",
	primaryClass = "hep-ph",
	reportNumber = "HIP-2020-26/TH",
	doi = "10.1007/JHEP04(2021)055",
	journal = "JHEP",
	volume = "04",
	pages = "055",
	year = "2021"
}


@article{Cutting:2020nla,
	author = "Cutting, Daniel and Escartin, Elba Granados and Hindmarsh, Mark and Weir, David J.",
	title = "{Gravitational waves from vacuum first order phase transitions II: from thin to thick walls}",
	eprint = "2005.13537",
	archivePrefix = "arXiv",
	primaryClass = "astro-ph.CO",
	reportNumber = "HIP-2020-13/TH",
	doi = "10.1103/PhysRevD.103.023531",
	journal = "Phys. Rev. D",
	volume = "103",
	number = "2",
	pages = "023531",
	year = "2021"
}

@article{Ellis:2020awk,
	author = "Ellis, John and Lewicki, Marek and No, Jos\'e Miguel",
	title = "{Gravitational waves from first-order cosmological phase transitions: lifetime of the sound wave source}",
	eprint = "2003.07360",
	archivePrefix = "arXiv",
	primaryClass = "hep-ph",
	reportNumber = "KCL-PH-TH/2020-04, CERN-TH-2020-016, IFT-UAM/CSIC-20-35",
	doi = "10.1088/1475-7516/2020/07/050",
	journal = "JCAP",
	volume = "07",
	pages = "050",
	year = "2020"
}

@article{ParticleDataGroup:2022pth,
	author = "Workman, R. L. and others",
	collaboration = "Particle Data Group",
	title = "{Review of Particle Physics}",
	doi = "10.1093/ptep/ptac097",
	journal = "PTEP",
	volume = "2022",
	pages = "083C01",
	year = "2022"
}

@article{Husdal:2016haj,
	author = "Husdal, Lars",
	title = "{On Effective Degrees of Freedom in the Early Universe}",
	eprint = "1609.04979",
	archivePrefix = "arXiv",
	primaryClass = "astro-ph.CO",
	doi = "10.3390/galaxies4040078",
	journal = "Galaxies",
	volume = "4",
	number = "4",
	pages = "78",
	year = "2016"
}

@article{Saikawa:2018rcs,
	author = "Saikawa, Ken'ichi and Shirai, Satoshi",
	title = "{Primordial gravitational waves, precisely: The role of thermodynamics in the Standard Model}",
	eprint = "1803.01038",
	archivePrefix = "arXiv",
	primaryClass = "hep-ph",
	reportNumber = "IPMU18-0037, MPP-2018-19",
	doi = "10.1088/1475-7516/2018/05/035",
	journal = "JCAP",
	volume = "05",
	pages = "035",
	year = "2018"
}

@Article{Hindmarsh:2019phv,
	author        = {Hindmarsh, Mark and Hijazi, Mulham},
	title         = {{Gravitational waves from first order cosmological phase transitions in the Sound Shell Model}},
	journal       = {JCAP},
	year          = {2019},
	volume        = {12},
	pages         = {062},
	archiveprefix = {arXiv},
	doi           = {10.1088/1475-7516/2019/12/062},
	eprint        = {1909.10040},
	primaryclass  = {astro-ph.CO},
	reportnumber  = {NORDITA-2019-083, HIP-2019-29/TH},
}

@article{Kierkla:2022odc,
	author = "Kierkla, Maciej and Karam, Alexandros and Swiezewska, Bogumila",
	title = "{Conformal model for gravitational waves and dark matter: a status update}",
	eprint = "2210.07075",
	archivePrefix = "arXiv",
	primaryClass = "astro-ph.CO",
	doi = "10.1007/JHEP03(2023)007",
	journal = "JHEP",
	volume = "03",
	pages = "007",
	year = "2023"
}


@article{Gouttenoire:2023naa,
	author = "Gouttenoire, Yann and Volansky, Tomer",
	title = "{Primordial Black Holes from Supercooled Phase Transitions}",
	eprint = "2305.04942",
	archivePrefix = "arXiv",
	primaryClass = "hep-ph",
	month = "5",
	year = "2023"
}

@article{Baker:2021nyl,
	author = "Baker, Michael J. and Breitbach, Moritz and Kopp, Joachim and Mittnacht, Lukas",
	title = "{Primordial Black Holes from First-Order Cosmological Phase Transitions}",
	eprint = "2105.07481",
	archivePrefix = "arXiv",
	primaryClass = "astro-ph.CO",
	reportNumber = "CERN-TH-2021-079, MITP-21-023",
	month = "5",
	year = "2021"
}

@article{Ferber:2023iso,
	author = "Ferber, Torben and Grohsjean, Alexander and Kahlhoefer, Felix",
	title = "{Dark Higgs Bosons at Colliders}",
	eprint = "2305.16169",
	archivePrefix = "arXiv",
	primaryClass = "hep-ph",
	reportNumber = "P3H-23-034, TTP23-018",
	month = "5",
	year = "2023"
}


@article{Fradette:2018hhl,
	author = "Fradette, Anthony and Pospelov, Maxim and Pradler, Josef and Ritz, Adam",
	title = "{Cosmological beam dump: constraints on dark scalars mixed with the Higgs boson}",
	eprint = "1812.07585",
	archivePrefix = "arXiv",
	primaryClass = "hep-ph",
	doi = "10.1103/PhysRevD.99.075004",
	journal = "Phys. Rev. D",
	volume = "99",
	number = "7",
	pages = "075004",
	year = "2019"
}

@article{Ellis:2019oqb,
	author = "Ellis, John and Lewicki, Marek and No, Jos\'e Miguel and Vaskonen, Ville",
	title = "{Gravitational wave energy budget in strongly supercooled phase transitions}",
	eprint = "1903.09642",
	archivePrefix = "arXiv",
	primaryClass = "hep-ph",
	reportNumber = "KCL-PH-TH/2019-32, CERN-TH-2019-032, IFT-UAM/CSIC-19-32",
	doi = "10.1088/1475-7516/2019/06/024",
	journal = "JCAP",
	volume = "06",
	pages = "024",
	year = "2019"
}

@Article{Caprini:2015zlo,
  author        = {Caprini, Chiara and others},
  journal       = {JCAP},
  title         = {{Science with the space-based interferometer eLISA. II: Gravitational waves from cosmological phase transitions}},
  year          = {2016},
  pages         = {001},
  volume        = {04},
  archiveprefix = {arXiv},
  doi           = {10.1088/1475-7516/2016/04/001},
  eprint        = {1512.06239},
  primaryclass  = {astro-ph.CO},
  reportnumber  = {DESY-15-246},
}

@Article{Ellis:2020ena,
  author        = {Ellis, John and Lewicki, Marek},
  journal       = {Phys. Rev. Lett.},
  title         = {{Cosmic String Interpretation of NANOGrav Pulsar Timing Data}},
  year          = {2021},
  number        = {4},
  pages         = {041304},
  volume        = {126},
  archiveprefix = {arXiv},
  doi           = {10.1103/PhysRevLett.126.041304},
  eprint        = {2009.06555},
  primaryclass  = {astro-ph.CO},
  reportnumber  = {KCL-PH-TH/2020-53, CERN-TH-2020-150},
}

@Article{Skilling:2004pqw,
  author  = {Skilling, John},
  journal = {AIP Conf. Proc.},
  title   = {{Nested Sampling}},
  year    = {2004},
  number  = {1},
  pages   = {395},
  volume  = {735},
  doi     = {10.1063/1.1835238},
}

@Article{Erickcek:2020wzd,
  author        = {Erickcek, Adrienne L. and Ralegankar, Pranjal and Shelton, Jessie},
  journal       = {Phys. Rev. D},
  title         = {{Cannibal domination and the matter power spectrum}},
  year          = {2021},
  number        = {10},
  pages         = {103508},
  volume        = {103},
  archiveprefix = {arXiv},
  doi           = {10.1103/PhysRevD.103.103508},
  eprint        = {2008.04311},
  primaryclass  = {astro-ph.CO},
}

@Book{Baumann:2022mni,
  author    = {Baumann, Daniel},
  publisher = {Cambridge University Press},
  title     = {{Cosmology}},
  year      = {2022},
  isbn      = {978-1-108-93709-2, 978-1-108-83807-8},
  month     = {7},
  doi       = {10.1017/9781108937092},
}

@Article{Gao:2024pqm,
  author        = {Gao, Fei and Sun, Sichun and White, Graham},
  title         = {{A first-order deconfinement phase transition in the early universe and gravitational waves}},
  year          = {2024},
  month         = {5},
  archiveprefix = {arXiv},
  eprint        = {2405.00490},
  primaryclass  = {hep-ph},
}

@Article{Lesgourgues:2011re,
  author        = {Lesgourgues, Julien},
  title         = {{The Cosmic Linear Anisotropy Solving System (CLASS) I: Overview}},
  year          = {2011},
  month         = {4},
  archiveprefix = {arXiv},
  eprint        = {1104.2932},
  primaryclass  = {astro-ph.IM},
}

@Article{Schoneberg:2021qvd,
  author        = {Sch\"oneberg, Nils and Franco Abell\'an, Guillermo and P\'erez S\'anchez, Andrea and Witte, Samuel J. and Poulin, Vivian and Lesgourgues, Julien},
  journal       = {Phys. Rept.},
  title         = {{The H0 Olympics: A fair ranking of proposed models}},
  year          = {2022},
  pages         = {1--55},
  volume        = {984},
  archiveprefix = {arXiv},
  doi           = {10.1016/j.physrep.2022.07.001},
  eprint        = {2107.10291},
  primaryclass  = {astro-ph.CO},
}

@Article{Arcadi:2024ukq,
  author        = {Arcadi, Giorgio and Cabo-Almeida, David and Dutra, Ma\'\i{}ra and Ghosh, Pradipta and Lindner, Manfred and Mambrini, Yann and Neto, Jacinto P. and Pierre, Mathias and Profumo, Stefano and Queiroz, Farinaldo S.},
  title         = {{The Waning of the WIMP: Endgame?}},
  year          = {2024},
  month         = {3},
  archiveprefix = {arXiv},
  eprint        = {2403.15860},
  primaryclass  = {hep-ph},
}

@Article{Cirelli:2024ssz,
  author        = {Cirelli, Marco and Strumia, Alessandro and Zupan, Jure},
  title         = {{Dark Matter}},
  year          = {2024},
  month         = {6},
  archiveprefix = {arXiv},
  eprint        = {2406.01705},
  primaryclass  = {hep-ph},
}

@Book{Carroll:2004st,
  author    = {Carroll, Sean M.},
  publisher = {Cambridge University Press},
  title     = {{Spacetime and Geometry}: {An Introduction to General Relativity}},
  year      = {2019},
  isbn      = {978-0-8053-8732-2, 978-1-108-48839-6, 978-1-108-77555-7},
  month     = {7},
  doi       = {10.1017/9781108770385},
}

@Book{Wald:1984rg,
  author    = {Wald, Robert M.},
  publisher = {Chicago Univ. Pr.},
  title     = {{General Relativity}},
  year      = {1984},
  address   = {Chicago, USA},
  doi       = {10.7208/chicago/9780226870373.001.0001},
}

@Book{Lesgourgues:2013sjj,
  author    = {Lesgourgues, Julien and Mangano, Gianpiero and Miele, Gennaro and Pastor, Sergio},
  publisher = {Cambridge University Press},
  title     = {{Neutrino Cosmology}},
  year      = {2013},
  isbn      = {978-1-108-70501-1, 978-1-139-60341-6},
  month     = {2},
}

@Article{Brieden:2022lsd,
  author        = {Brieden, Samuel and Gil-Mar\'\i{}n, H\'ector and Verde, Licia},
  journal       = {JCAP},
  title         = {{Model-agnostic interpretation of 10 billion years of cosmic evolution traced by BOSS and eBOSS data}},
  year          = {2022},
  number        = {08},
  pages         = {024},
  volume        = {08},
  archiveprefix = {arXiv},
  doi           = {10.1088/1475-7516/2022/08/024},
  eprint        = {2204.11868},
  primaryclass  = {astro-ph.CO},
}

@Article{Dolgov:1980uu,
  author  = {Dolgov, A. D.},
  journal = {Yad. Fiz.},
  title   = {{ON CONCENTRATION OF RELICT THETA PARTICLES. (IN RUSSIAN)}},
  year    = {1980},
  pages   = {1522--1528},
  volume  = {31},
}

@Article{McDonald:2001vt,
  author        = {McDonald, John},
  journal       = {Phys. Rev. Lett.},
  title         = {{Thermally generated gauge singlet scalars as selfinteracting dark matter}},
  year          = {2002},
  pages         = {091304},
  volume        = {88},
  archiveprefix = {arXiv},
  doi           = {10.1103/PhysRevLett.88.091304},
  eprint        = {hep-ph/0106249},
}

@Article{Hall:2009bx,
  author        = {Hall, Lawrence J. and Jedamzik, Karsten and March-Russell, John and West, Stephen M.},
  journal       = {JHEP},
  title         = {{Freeze-In Production of FIMP Dark Matter}},
  year          = {2010},
  pages         = {080},
  volume        = {03},
  archiveprefix = {arXiv},
  doi           = {10.1007/JHEP03(2010)080},
  eprint        = {0911.1120},
  primaryclass  = {hep-ph},
  reportnumber  = {OUTP-09-18-P, UCB-PTH-09-32},
}

@Article{Griest:1990kh,
  author       = {Griest, Kim and Seckel, David},
  journal      = {Phys. Rev. D},
  title        = {{Three exceptions in the calculation of relic abundances}},
  year         = {1991},
  pages        = {3191--3203},
  volume       = {43},
  doi          = {10.1103/PhysRevD.43.3191},
  reportnumber = {CFPA-TH-90-001A, BA-90-79},
}

@Article{Kamionkowski:1990ni,
  author       = {Kamionkowski, Marc and Turner, Michael S.},
  journal      = {Phys. Rev. D},
  title        = {{THERMAL RELICS: DO WE KNOW THEIR ABUNDANCES?}},
  year         = {1990},
  pages        = {3310--3320},
  volume       = {42},
  doi          = {10.1103/PhysRevD.42.3310},
  reportnumber = {FERMILAB-PUB-90-097-A},
}

@Article{Pitrou:2019nub,
  author        = {Pitrou, Cyril and Coc, Alain and Uzan, Jean-Philippe and Vangioni, Elisabeth},
  journal       = {JPS Conf. Proc.},
  title         = {{Precision Big Bang Nucleosynthesis with the New Code PRIMAT}},
  year          = {2020},
  pages         = {011034},
  volume        = {31},
  archiveprefix = {arXiv},
  doi           = {10.7566/JPSCP.31.011034},
  editor        = {Kawabata, T. and others},
  eprint        = {1909.12046},
  primaryclass  = {astro-ph.CO},
}

@Article{Arbey:2011nf,
  author        = {Arbey, Alexandre},
  journal       = {Comput. Phys. Commun.},
  title         = {{AlterBBN: A program for calculating the BBN abundances of the elements in alternative cosmologies}},
  year          = {2012},
  pages         = {1822--1831},
  volume        = {183},
  archiveprefix = {arXiv},
  doi           = {10.1016/j.cpc.2012.03.018},
  eprint        = {1106.1363},
  primaryclass  = {astro-ph.CO},
  reportnumber  = {CERN-PH-TH-2011-135, LYCEN-2011-06},
}

@PhdThesis{Depta:2021kae,
  author       = {Depta, Paul Frederik},
  school       = {Hamburg U.},
  title        = {{Dark Sector Cosmologies: Evolution and Constraints}},
  year         = {2021},
  address      = {Hamburg},
  doi          = {10.3204/PUBDB-2021-02808},
  reportnumber = {DESY-THESIS-2021-010},
}

@Article{Friedman:1922kd,
  author  = {Friedman, A.},
  journal = {Z. Phys.},
  title   = {{On the Curvature of space}},
  year    = {1922},
  pages   = {377--386},
  volume  = {10},
  doi     = {10.1007/BF01332580},
}

@Article{Eddington:1922ds,
  author  = {Eddington, Arthur Stanley},
  journal = {Proc. Roy. Soc. Lond. A},
  title   = {{The propagation of gravitational waves}},
  year    = {1922},
  pages   = {268--282},
  volume  = {102},
  doi     = {10.1098/rspa.1922.0085},
}

@Article{Einstein:1937qu,
  author  = {Einstein, Albert and Rosen, N.},
  journal = {J. Franklin Inst.},
  title   = {{On Gravitational waves}},
  year    = {1937},
  pages   = {43--54},
  volume  = {223},
  doi     = {10.1016/S0016-0032(37)90583-0},
}

@Article{Pirani:1956tn,
  author  = {Pirani, F. A. E.},
  journal = {Acta Phys. Polon.},
  title   = {{On the Physical significance of the Riemann tensor}},
  year    = {1956},
  pages   = {389--405},
  volume  = {15},
  doi     = {10.1007/s10714-009-0787-9},
}

@Article{Taylor:2021yjx,
  author        = {Taylor, Stephen R.},
  title         = {{The Nanohertz Gravitational Wave Astronomer}},
  year          = {2021},
  month         = {5},
  archiveprefix = {arXiv},
  eprint        = {2105.13270},
  primaryclass  = {astro-ph.HE},
}

@Article{Weber:1969bz,
  author  = {Weber, J.},
  journal = {Phys. Rev. Lett.},
  title   = {{Evidence for discovery of gravitational radiation}},
  year    = {1969},
  pages   = {1320--1324},
  volume  = {22},
  doi     = {10.1103/PhysRevLett.22.1320},
}

@Article{Taylor:1982zz,
  author  = {Taylor, J. H. and Weisberg, J. M.},
  journal = {Astrophys. J.},
  title   = {{A new test of general relativity: Gravitational radiation and the binary pulsar PS R 1913+16}},
  year    = {1982},
  pages   = {908--920},
  volume  = {253},
  doi     = {10.1086/159690},
}

@Article{Moss:1971ocz,
  author  = {Moss, G. E. and Miller, L. R. and Forward, R. L.},
  journal = {Appl. Opt.},
  title   = {{Photon-noise-limited laser transducer for gravitational antenna}},
  year    = {1971},
  pages   = {2495--2498},
  volume  = {10},
  doi     = {10.1364/AO.10.002495},
}

@Article{Weiss:2022ols,
  author  = {Weiss, Rainer},
  journal = {Gen. Rel. Grav.},
  title   = {{Republication of: Electromagnetically coupled broadband gravitational antenna}},
  year    = {2022},
  number  = {11},
  pages   = {153},
  volume  = {54},
  doi     = {10.1007/s10714-022-03021-3},
}

@Article{Bondi:1957dt,
  author  = {Bondi, Hermann},
  journal = {Nature},
  title   = {{Plane gravitational waves in general relativity}},
  year    = {1957},
  pages   = {1072--1073},
  volume  = {179},
  doi     = {10.1038/1791072a0},
}

@Article{Uggla:2011jn,
  author        = {Uggla, Claes and Wainwright, John},
  journal       = {Class. Quant. Grav.},
  title         = {{Cosmological Perturbation Theory Revisited}},
  year          = {2011},
  pages         = {175017},
  volume        = {28},
  archiveprefix = {arXiv},
  doi           = {10.1088/0264-9381/28/17/175017},
  eprint        = {1102.5039},
  primaryclass  = {gr-qc},
}

@Article{Franciolini:2023wjm,
  author        = {Franciolini, Gabriele and Racco, Davide and Rompineve, Fabrizio},
  journal       = {Phys. Rev. Lett.},
  title         = {{Footprints of the QCD Crossover on Cosmological Gravitational Waves at Pulsar Timing Arrays}},
  year          = {2024},
  number        = {8},
  pages         = {081001},
  volume        = {132},
  archiveprefix = {arXiv},
  doi           = {10.1103/PhysRevLett.132.081001},
  eprint        = {2306.17136},
  primaryclass  = {astro-ph.CO},
  reportnumber  = {CERN-TH-2023-080},
}

@Article{Penzias:1965wn,
  author  = {Penzias, Arno A. and Wilson, Robert Woodrow},
  journal = {Astrophys. J.},
  title   = {{A Measurement of excess antenna temperature at 4080-Mc/s}},
  year    = {1965},
  pages   = {419--421},
  volume  = {142},
  doi     = {10.1086/148307},
}

@Article{Hulse:1974eb,
  author  = {Hulse, R. A. and Taylor, J. H.},
  journal = {Astrophys. J. Lett.},
  title   = {{Discovery of a pulsar in a binary system}},
  year    = {1975},
  pages   = {L51--L53},
  volume  = {195},
  doi     = {10.1086/181708},
}

@Article{Hewish:1968bj,
  author  = {Hewish, A. and Bell, S. J. and Pilkington, J. D. H and Scott, P. F. and Collins, R. A.},
  journal = {Nature},
  title   = {{Observation of a rapidly pulsating radio source}},
  year    = {1968},
  pages   = {709--713},
  volume  = {217},
  doi     = {10.1038/217709a0},
}

@Article{Pacini:1968,
  author  = {{Pacini}, F.},
  journal = {Nature},
  title   = {{Rotating Neutron Stars, Pulsars and Supernova Remnants}},
  year    = {1968},
  month   = jul,
  number  = {5150},
  pages   = {145-146},
  volume  = {219},
  adsnote = {Provided by the SAO/NASA Astrophysics Data System},
  adsurl  = {https://ui.adsabs.harvard.edu/abs/1968Natur.219..145P},
  doi     = {10.1038/219145a0},
}

@Article{Gold:1968zf,
  author  = {Gold, T.},
  journal = {Nature},
  title   = {{Rotating neutron stars as the origin of the pulsating radio sources}},
  year    = {1968},
  pages   = {731--732},
  volume  = {218},
  doi     = {10.1038/218731a0},
}

@Article{Goldreich:1969sb,
  author  = {Goldreich, Peter and Julian, William H.},
  journal = {Astrophys. J.},
  title   = {{Pulsar electrodynamics}},
  year    = {1969},
  pages   = {869},
  volume  = {157},
  doi     = {10.1086/150119},
}

@Book{Lorimer:2004,
  author    = {{Lorimer}, D.~R. and {Kramer}, M.},
  publisher = {Cambridge University Press},
  title     = {{Handbook of Pulsar Astronomy}},
  year      = {2004},
  volume    = {4},
  adsnote   = {Provided by the SAO/NASA Astrophysics Data System},
  adsurl    = {https://ui.adsabs.harvard.edu/abs/2004hpa..book.....L},
}

@Article{Sazhin:1978myk,
  author  = {Sazhin, Mikhail V.},
  journal = {Sov. Astron.},
  title   = {{Opportunities for detecting ultralong gravitational waves}},
  year    = {1978},
  pages   = {36--38},
  volume  = {22},
}

@Article{Detweiler:1979wn,
  author  = {Detweiler, Steven L.},
  journal = {Astrophys. J.},
  title   = {{Pulsar timing measurements and the search for gravitational waves}},
  year    = {1979},
  pages   = {1100--1104},
  volume  = {234},
  doi     = {10.1086/157593},
}

@Article{Foster:1990,
  author   = {{Foster}, R.~S. and {Backer}, D.~C.},
  journal  = {APJ},
  title    = {{Constructing a Pulsar Timing Array}},
  year     = {1990},
  month    = sep,
  pages    = {300},
  volume   = {361},
  adsnote  = {Provided by the SAO/NASA Astrophysics Data System},
  adsurl   = {https://ui.adsabs.harvard.edu/abs/1990ApJ...361..300F},
  doi      = {10.1086/169195},
  keywords = {Atomic Clocks, Error Analysis, Pulsars, Time Measuring Instruments, Time Signals, Earth Rotation, Gravitational Waves, Polynomials, Telescopes, Time Measurement, Astrophysics, INSTRUMENTS, PULSARS},
}

@Article{Mingarelli:2014xfa,
  author        = {Mingarelli, Chiara M. F. and Sidery, Trevor},
  journal       = {Phys. Rev. D},
  title         = {{Effect of small interpulsar distances in stochastic gravitational wave background searches with pulsar timing arrays}},
  year          = {2014},
  number        = {6},
  pages         = {062011},
  volume        = {90},
  archiveprefix = {arXiv},
  doi           = {10.1103/PhysRevD.90.062011},
  eprint        = {1408.6840},
  primaryclass  = {astro-ph.HE},
}

@Article{Landau:1932uwv,
  author  = {Landau, Lev Davidovich},
  journal = {Phys. Z. Sowjetunion},
  title   = {{On the theory of stars}},
  year    = {1932},
  pages   = {285},
  volume  = {1},
  doi     = {10.1016/B978-0-08-010586-4.50013-4},
  editor  = {ter Haar, D.},
}

@Article{Baade:1934,
  author  = {{Baade}, W. and {Zwicky}, F.},
  journal = {Proceedings of the National Academy of Science},
  title   = {{On Super-novae}},
  year    = {1934},
  month   = may,
  number  = {5},
  pages   = {254-259},
  volume  = {20},
  adsnote = {Provided by the SAO/NASA Astrophysics Data System},
  adsurl  = {https://ui.adsabs.harvard.edu/abs/1934PNAS...20..254B},
  doi     = {10.1073/pnas.20.5.254},
}

@Article{Hobbs:2019ktp,
  author        = {Hobbs, G. and others},
  journal       = {Mon. Not. Roy. Astron. Soc.},
  title         = {{A pulsar-based time-scale from the International Pulsar Timing Array}},
  year          = {2020},
  number        = {4},
  pages         = {5951--5965},
  volume        = {491},
  archiveprefix = {arXiv},
  doi           = {10.1093/mnras/stz3071},
  eprint        = {1910.13628},
  primaryclass  = {astro-ph.IM},
}

@Article{Caballero:2018lvc,
  author        = {Caballero, R. N. and others},
  journal       = {Mon. Not. Roy. Astron. Soc.},
  title         = {{Studying the solar system with the International Pulsar Timing Array}},
  year          = {2018},
  number        = {4},
  pages         = {5501--5516},
  volume        = {481},
  archiveprefix = {arXiv},
  doi           = {10.1093/mnras/sty2632},
  eprint        = {1809.10744},
  primaryclass  = {astro-ph.EP},
}

@Article{Edwards:2006zg,
  author        = {Edwards, Russell T. and Hobbs, G. B. and Manchester, R. N.},
  journal       = {Mon. Not. Roy. Astron. Soc.},
  title         = {{Tempo2, a new pulsar timing package. 2. The timing model and precision estimates}},
  year          = {2006},
  pages         = {1549--1574},
  volume        = {372},
  archiveprefix = {arXiv},
  doi           = {10.1111/j.1365-2966.2006.10870.x},
  eprint        = {astro-ph/0607664},
}

@Article{Hobbs:2006cd,
  author        = {Hobbs, George and Edwards, R. and Manchester, R.},
  journal       = {Mon. Not. Roy. Astron. Soc.},
  title         = {{Tempo2, a new pulsar timing package. 1. overview}},
  year          = {2006},
  pages         = {655--672},
  volume        = {369},
  archiveprefix = {arXiv},
  doi           = {10.1111/j.1365-2966.2006.10302.x},
  eprint        = {astro-ph/0603381},
}

@Article{Hobbs:2009yn,
  author        = {Hobbs, G. and Jenet, F. and Lee, K. J. and Verbiest, J. P. W. and Yardley, D. and Manchester, R. and Lommen, A. and Coles, W. and Edwards, R. and Shettigara, C.},
  journal       = {Mon. Not. Roy. Astron. Soc.},
  title         = {{TEMPO2, a new pulsar timing package. III: Gravitational wave simulation}},
  year          = {2009},
  pages         = {1945},
  volume        = {394},
  archiveprefix = {arXiv},
  doi           = {10.1111/j.1365-2966.2009.14391.x},
  eprint        = {0901.0592},
  primaryclass  = {astro-ph.SR},
}

@Article{Luo:2020ksx,
  author        = {Luo, Jing and others},
  journal       = {Astrophys. J.},
  title         = {{PINT: A Modern Software Package for Pulsar Timing}},
  year          = {2021},
  number        = {1},
  pages         = {45},
  volume        = {911},
  archiveprefix = {arXiv},
  doi           = {10.3847/1538-4357/abe62f},
  eprint        = {2012.00074},
  primaryclass  = {astro-ph.IM},
}

@Article{Ghez:1998ph,
  author        = {Ghez, A. M. and Klein, B. L. and Morris, M. and Becklin, E. E.},
  journal       = {Astrophys. J.},
  title         = {{High proper motion stars in the vicinity of Sgr A*: Evidence for a supermassive black hole at the center of our galaxy}},
  year          = {1998},
  pages         = {678--686},
  volume        = {509},
  archiveprefix = {arXiv},
  doi           = {10.1086/306528},
  eprint        = {astro-ph/9807210},
}

@Article{Eckart:1996zz,
  author  = {Eckart, A. and Genzel, R.},
  journal = {Nature},
  title   = {{Observations of stellar proper motions near the Galactic Centre}},
  year    = {1996},
  pages   = {415--417},
  volume  = {383},
  doi     = {10.1038/383415a0},
}

@Article{EventHorizonTelescope:2019dse,
  author        = {Akiyama, Kazunori and others},
  journal       = {Astrophys. J. Lett.},
  title         = {{First M87 Event Horizon Telescope Results. I. The Shadow of the Supermassive Black Hole}},
  year          = {2019},
  pages         = {L1},
  volume        = {875},
  archiveprefix = {arXiv},
  collaboration = {Event Horizon Telescope},
  doi           = {10.3847/2041-8213/ab0ec7},
  eprint        = {1906.11238},
  primaryclass  = {astro-ph.GA},
}

@Article{Kormendy:1995er,
  author  = {Kormendy, John and Richstone, Douglas},
  journal = {Ann. Rev. Astron. Astrophys.},
  title   = {{Inward bound: The Search for supermassive black holes in galactic nuclei}},
  year    = {1995},
  pages   = {581},
  volume  = {33},
  doi     = {10.1146/annurev.aa.33.090195.003053},
}

@Article{Magorrian:1997hw,
  author        = {Magorrian, John and others},
  journal       = {Astron. J.},
  title         = {{The Demography of massive dark objects in galaxy centers}},
  year          = {1998},
  pages         = {2285},
  volume        = {115},
  archiveprefix = {arXiv},
  doi           = {10.1086/300353},
  eprint        = {astro-ph/9708072},
  reportnumber  = {CITA-97-28},
}

@Article{Volonteri:2021sfo,
  author        = {Volonteri, Marta and Habouzit, Melanie and Colpi, Monica},
  journal       = {Nature Rev. Phys.},
  title         = {{The origins of massive black holes}},
  year          = {2021},
  number        = {11},
  pages         = {732--743},
  volume        = {3},
  archiveprefix = {arXiv},
  doi           = {10.1038/s42254-021-00364-9},
  eprint        = {2110.10175},
  primaryclass  = {astro-ph.GA},
}

@Article{Dosopoulou:2016hbg,
  author        = {Dosopoulou, Fani and Antonini, Fabio},
  journal       = {Astrophys. J.},
  title         = {{Dynamical friction and the evolution of Supermassive Black hole Binaries: the final hundred-parsec problem}},
  year          = {2017},
  number        = {1},
  pages         = {31},
  volume        = {840},
  archiveprefix = {arXiv},
  doi           = {10.3847/1538-4357/aa6b58},
  eprint        = {1611.06573},
  primaryclass  = {astro-ph.GA},
}

@Book{Binney:1987,
  author    = {{Binney}, James and {Tremaine}, Scott},
  publisher = {Princeton University Press},
  title     = {{Galactic dynamics}},
  year      = {1987},
  adsnote   = {Provided by the SAO/NASA Astrophysics Data System},
  adsurl    = {https://ui.adsabs.harvard.edu/abs/1987gady.book.....B},
}

@Article{DeRosa:2019myq,
  author        = {De Rosa, Alessandra and others},
  journal       = {New Astron. Rev.},
  title         = {{The quest for dual and binary supermassive black holes: A multi-messenger view}},
  year          = {2019},
  pages         = {101525},
  volume        = {86},
  archiveprefix = {arXiv},
  doi           = {10.1016/j.newar.2020.101525},
  eprint        = {2001.06293},
  primaryclass  = {astro-ph.GA},
}

@Article{Milosavljevic:2002bn,
  author        = {Milosavljevic, Milos and Merritt, David},
  journal       = {Astrophys. J.},
  title         = {{Long term evolution of massive black hole binaries}},
  year          = {2003},
  pages         = {860},
  volume        = {596},
  archiveprefix = {arXiv},
  doi           = {10.1086/378086},
  eprint        = {astro-ph/0212459},
}

@Article{Vasiliev:2013az,
  author        = {Vasiliev, Eugene and Merritt, David},
  journal       = {Astrophys. J.},
  title         = {{The loss cone problem in axisymmetric nuclei}},
  year          = {2013},
  pages         = {87},
  volume        = {774},
  archiveprefix = {arXiv},
  doi           = {10.1088/0004-637X/774/1/87},
  eprint        = {1301.3150},
  primaryclass  = {astro-ph.GA},
}

@Article{Vasiliev:2013nha,
  author        = {Vasiliev, Eugene and Antonini, Fabio and Merritt, David},
  journal       = {Astrophys. J.},
  title         = {{The final-parsec problem in nonspherical galaxies revisited}},
  year          = {2014},
  pages         = {163},
  volume        = {785},
  archiveprefix = {arXiv},
  doi           = {10.1088/0004-637X/785/2/163},
  eprint        = {1311.1167},
  primaryclass  = {astro-ph.GA},
}

@Article{Vasiliev:2015,
  author        = {{Vasiliev}, Eugene and {Antonini}, Fabio and {Merritt}, David},
  journal       = {APJ},
  title         = {{The Final-parsec Problem in the Collisionless Limit}},
  year          = {2015},
  month         = sep,
  number        = {1},
  pages         = {49},
  volume        = {810},
  adsnote       = {Provided by the SAO/NASA Astrophysics Data System},
  adsurl        = {https://ui.adsabs.harvard.edu/abs/2015ApJ...810...49V},
  archiveprefix = {arXiv},
  doi           = {10.1088/0004-637X/810/1/49},
  eid           = {49},
  eprint        = {1505.05480},
  keywords      = {galaxies: elliptical and lenticular, cD, galaxies: kinematics and dynamics, galaxies: nuclei, Astrophysics - Astrophysics of Galaxies},
  primaryclass  = {astro-ph.GA},
}

@Article{Ivanov:1998qk,
  author        = {Ivanov, P. B. and Papaloizou, J. C. B. and Polnarev, A. G.},
  journal       = {Mon. Not. Roy. Astron. Soc.},
  title         = {{The evolution of a supermassive binary caused by an accretion disc}},
  year          = {1999},
  pages         = {79},
  volume        = {307},
  archiveprefix = {arXiv},
  doi           = {10.1046/j.1365-8711.1999.02623.x},
  eprint        = {astro-ph/9812198},
  reportnumber  = {TAC-1998-027},
}

@Article{Haiman:2009te,
  author        = {Haiman, Zolt\'an and Haiman, Zoltan and Kocsis, Bence and Kocsis, Bence and Menou, Kristen and Menou, Kristen},
  journal       = {Astrophys. J.},
  title         = {{The Population of Viscosity- and Gravitational Wave-Driven Supermassive Black Hole Binaries Among Luminous AGN}},
  year          = {2009},
  note          = {[Erratum: Astrophys.J. 937, 129 (2022)]},
  pages         = {1952--1969},
  volume        = {700},
  archiveprefix = {arXiv},
  doi           = {10.1088/0004-637X/700/2/1952},
  eprint        = {0904.1383},
  primaryclass  = {astro-ph.CO},
}

@Article{Kocsis:2010xa,
  author        = {Kocsis, Bence and Sesana, Alberto},
  journal       = {Mon. Not. Roy. Astron. Soc.},
  title         = {{Gas driven massive black hole binaries: signatures in the nHz gravitational wave background}},
  year          = {2011},
  pages         = {1467},
  volume        = {411},
  archiveprefix = {arXiv},
  doi           = {10.1111/j.1365-2966.2010.17782.x},
  eprint        = {1002.0584},
  primaryclass  = {astro-ph.CO},
}

@Article{Rodriguez:2006th,
  author        = {Rodriguez, C. and Taylor, Greg B. and Zavala, R. T. and Peck, A. B. and Pollack, L. K. and Romani, R. W.},
  journal       = {Astrophys. J.},
  title         = {{A Compact Supermassive Binary Black Hole System}},
  year          = {2006},
  pages         = {49--60},
  volume        = {646},
  archiveprefix = {arXiv},
  doi           = {10.1086/504825},
  eprint        = {astro-ph/0604042},
}

@Article{Ghoshal:2023pcx,
  author        = {Ghoshal, Anish and Strumia, Alessandro},
  title         = {{Traversing a kinetic pole during inflation: primordial black holes and gravitational waves}},
  year          = {2023},
  month         = {11},
  archiveprefix = {arXiv},
  eprint        = {2311.16236},
  primaryclass  = {hep-ph},
}

@Article{Amaro-Seoane:2009ucl,
  author        = {Amaro-Seoane, Pau and Sesana, Alberto and Hoffman, Loren and Benacquista, Matthew and Eichhorn, Christoph and Makino, Junichiro and Spurzem, Rainer},
  journal       = {Mon. Not. Roy. Astron. Soc.},
  title         = {{Triplets of supermassive black holes: Astrophysics, Gravitational Waves and Detection}},
  year          = {2010},
  pages         = {2308},
  volume        = {402},
  archiveprefix = {arXiv},
  doi           = {10.1111/j.1365-2966.2009.16104.x},
  eprint        = {0910.1587},
  primaryclass  = {astro-ph.CO},
}

@Article{Gouttenoire:2023nzr,
  author        = {Gouttenoire, Yann and Trifinopoulos, Sokratis and Valogiannis, Georgios and Vanvlasselaer, Miguel},
  journal       = {Phys. Rev. D},
  title         = {{Scrutinizing the primordial black hole interpretation of PTA gravitational waves and JWST early galaxies}},
  year          = {2024},
  number        = {12},
  pages         = {123002},
  volume        = {109},
  archiveprefix = {arXiv},
  doi           = {10.1103/PhysRevD.109.123002},
  eprint        = {2307.01457},
  primaryclass  = {astro-ph.CO},
}

@Article{Gouttenoire:2023ftk,
  author        = {Gouttenoire, Yann and Vitagliano, Edoardo},
  title         = {{Domain wall interpretation of the PTA signal confronting black hole overproduction}},
  year          = {2023},
  month         = {6},
  archiveprefix = {arXiv},
  eprint        = {2306.17841},
  primaryclass  = {gr-qc},
}

@Article{Ellis:2023tsl,
  author        = {Ellis, John and Lewicki, Marek and Lin, Chunshan and Vaskonen, Ville},
  journal       = {Phys. Rev. D},
  title         = {{Cosmic superstrings revisited in light of NANOGrav 15-year data}},
  year          = {2023},
  number        = {10},
  pages         = {103511},
  volume        = {108},
  archiveprefix = {arXiv},
  doi           = {10.1103/PhysRevD.108.103511},
  eprint        = {2306.17147},
  primaryclass  = {astro-ph.CO},
  reportnumber  = {KCL-PH-TH/2023-38, CERN-TH-2023-126, AION-REPORT/2023-07},
}

@Article{Buchmuller:2023aus,
  author        = {Buchmuller, Wilfried and Domcke, Valerie and Schmitz, Kai},
  journal       = {JCAP},
  title         = {{Metastable cosmic strings}},
  year          = {2023},
  pages         = {020},
  volume        = {11},
  archiveprefix = {arXiv},
  doi           = {10.1088/1475-7516/2023/11/020},
  eprint        = {2307.04691},
  primaryclass  = {hep-ph},
  reportnumber  = {CERN-TH-2023-118, MS-TP-23-37, DESY-23-117},
}

@Article{Vagnozzi:2023lwo,
  author        = {Vagnozzi, Sunny},
  journal       = {JHEAp},
  title         = {{Inflationary interpretation of the stochastic gravitational wave background signal detected by pulsar timing array experiments}},
  year          = {2023},
  pages         = {81--98},
  volume        = {39},
  archiveprefix = {arXiv},
  doi           = {10.1016/j.jheap.2023.07.001},
  eprint        = {2306.16912},
  primaryclass  = {astro-ph.CO},
}

@Article{Alonso-Alvarez:2024gdz,
  author        = {Alonso-\'Alvarez, Gonzalo and Cline, James M. and Dewar, Caitlyn},
  title         = {{Self-interacting dark matter solves the final parsec problem of supermassive black hole mergers}},
  year          = {2024},
  month         = {1},
  archiveprefix = {arXiv},
  eprint        = {2401.14450},
  primaryclass  = {astro-ph.CO},
  reportnumber  = {CERN-TH-2024-016},
}

@Article{Ekstedt:2023sqc,
  author        = {Ekstedt, Andreas and Gould, Oliver and Hirvonen, Joonas},
  journal       = {JHEP},
  title         = {{BubbleDet: a Python package to compute functional determinants for bubble nucleation}},
  year          = {2023},
  pages         = {056},
  volume        = {12},
  archiveprefix = {arXiv},
  doi           = {10.1007/JHEP12(2023)056},
  eprint        = {2308.15652},
  primaryclass  = {hep-ph},
}

@Article{Kamionkowski:1993fg,
  author        = {Kamionkowski, Marc and Kosowsky, Arthur and Turner, Michael S.},
  journal       = {Phys. Rev. D},
  title         = {{Gravitational radiation from first order phase transitions}},
  year          = {1994},
  pages         = {2837--2851},
  volume        = {49},
  archiveprefix = {arXiv},
  doi           = {10.1103/PhysRevD.49.2837},
  eprint        = {astro-ph/9310044},
  reportnumber  = {IASSNS-HEP-93-44, FERMILAB-PUB-93-235-A},
}

@Article{Kosowsky:1991ua,
  author       = {Kosowsky, Arthur and Turner, Michael S. and Watkins, Richard},
  journal      = {Phys. Rev. D},
  title        = {{Gravitational radiation from colliding vacuum bubbles}},
  year         = {1992},
  pages        = {4514--4535},
  volume       = {45},
  doi          = {10.1103/PhysRevD.45.4514},
  reportnumber = {FERMILAB-PUB-91-323-A},
}

@Article{Jinno:2016vai,
  author        = {Jinno, Ryusuke and Takimoto, Masahiro},
  journal       = {Phys. Rev. D},
  title         = {{Gravitational waves from bubble collisions: An analytic derivation}},
  year          = {2017},
  number        = {2},
  pages         = {024009},
  volume        = {95},
  archiveprefix = {arXiv},
  doi           = {10.1103/PhysRevD.95.024009},
  eprint        = {1605.01403},
  primaryclass  = {astro-ph.CO},
  reportnumber  = {KEK-TH-1900},
}

@Article{Huber:2008hg,
  author        = {Huber, Stephan J. and Konstandin, Thomas},
  journal       = {JCAP},
  title         = {{Gravitational Wave Production by Collisions: More Bubbles}},
  year          = {2008},
  pages         = {022},
  volume        = {09},
  archiveprefix = {arXiv},
  doi           = {10.1088/1475-7516/2008/09/022},
  eprint        = {0806.1828},
  primaryclass  = {hep-ph},
}

@Article{Weir:2016tov,
  author        = {Weir, David J.},
  journal       = {Phys. Rev. D},
  title         = {{Revisiting the envelope approximation: gravitational waves from bubble collisions}},
  year          = {2016},
  number        = {12},
  pages         = {124037},
  volume        = {93},
  archiveprefix = {arXiv},
  doi           = {10.1103/PhysRevD.93.124037},
  eprint        = {1604.08429},
  primaryclass  = {astro-ph.CO},
}

@Article{Durrer:2003ja,
  author        = {Durrer, Ruth and Caprini, Chiara},
  journal       = {JCAP},
  title         = {{Primordial magnetic fields and causality}},
  year          = {2003},
  pages         = {010},
  volume        = {11},
  archiveprefix = {arXiv},
  doi           = {10.1088/1475-7516/2003/11/010},
  eprint        = {astro-ph/0305059},
}

@Article{Caprini:2009fx,
  author        = {Caprini, Chiara and Durrer, Ruth and Konstandin, Thomas and Servant, Geraldine},
  journal       = {Phys. Rev. D},
  title         = {{General Properties of the Gravitational Wave Spectrum from Phase Transitions}},
  year          = {2009},
  pages         = {083519},
  volume        = {79},
  archiveprefix = {arXiv},
  doi           = {10.1103/PhysRevD.79.083519},
  eprint        = {0901.1661},
  primaryclass  = {astro-ph.CO},
}

@Article{Cai:2019cdl,
  author        = {Cai, Rong-Gen and Pi, Shi and Sasaki, Misao},
  journal       = {Phys. Rev. D},
  title         = {{Universal infrared scaling of gravitational wave background spectra}},
  year          = {2020},
  number        = {8},
  pages         = {083528},
  volume        = {102},
  archiveprefix = {arXiv},
  doi           = {10.1103/PhysRevD.102.083528},
  eprint        = {1909.13728},
  primaryclass  = {astro-ph.CO},
  reportnumber  = {IPMU19-0135, YITP-19-88},
}

@Book{Gouttenoire:2022gwi,
  author        = {Gouttenoire, Yann},
  publisher     = {Springer},
  title         = {{Beyond the Standard Model Cocktail}},
  year          = {2022},
  address       = {Cham},
  isbn          = {978-3-031-11862-3, 978-3-031-11861-6},
  series        = {Springer Theses},
  archiveprefix = {arXiv},
  doi           = {10.1007/978-3-031-11862-3},
  eprint        = {2207.01633},
  primaryclass  = {hep-ph},
}

@Article{Giblin:2014qia,
  author        = {Giblin, John T. and Mertens, James B.},
  journal       = {Phys. Rev. D},
  title         = {{Gravitional radiation from first-order phase transitions in the presence of a fluid}},
  year          = {2014},
  number        = {2},
  pages         = {023532},
  volume        = {90},
  archiveprefix = {arXiv},
  doi           = {10.1103/PhysRevD.90.023532},
  eprint        = {1405.4005},
  primaryclass  = {astro-ph.CO},
}

@Article{Kubo:1957mj,
  author  = {Kubo, Ryogo},
  journal = {J. Phys. Soc. Jap.},
  title   = {{Statistical mechanical theory of irreversible processes. 1. General theory and simple applications in magnetic and conduction problems}},
  year    = {1957},
  pages   = {570--586},
  volume  = {12},
  doi     = {10.1143/JPSJ.12.570},
}

@Book{Laine:2016hma,
  author        = {Laine, Mikko and Vuorinen, Aleksi},
  publisher     = {Springer},
  title         = {{Basics of Thermal Field Theory}},
  year          = {2016},
  volume        = {925},
  archiveprefix = {arXiv},
  doi           = {10.1007/978-3-319-31933-9},
  eprint        = {1701.01554},
  primaryclass  = {hep-ph},
}

@Article{Bringmann:2021tjr,
  author        = {Bringmann, Torsten and Depta, Paul Frederik and Hufnagel, Marco and Ruderman, Joshua T. and Schmidt-Hoberg, Kai},
  journal       = {Phys. Rev. Lett.},
  title         = {{Dark Matter from Exponential Growth}},
  year          = {2021},
  number        = {19},
  pages         = {191802},
  volume        = {127},
  archiveprefix = {arXiv},
  doi           = {10.1103/PhysRevLett.127.191802},
  eprint        = {2103.16572},
  primaryclass  = {hep-ph},
  reportnumber  = {DESY-21-044, DESY 21-044, ULB-TH/21-03},
}

@Article{Freedman:2023jcz,
  author        = {Freedman, Wendy L. and Madore, Barry F.},
  journal       = {JCAP},
  title         = {{Progress in direct measurements of the Hubble constant}},
  year          = {2023},
  pages         = {050},
  volume        = {11},
  archiveprefix = {arXiv},
  doi           = {10.1088/1475-7516/2023/11/050},
  eprint        = {2309.05618},
  primaryclass  = {astro-ph.CO},
}

@Article{Zwicky:1933gu,
  author  = {Zwicky, F.},
  journal = {Helv. Phys. Acta},
  title   = {{Die Rotverschiebung von extragalaktischen Nebeln}},
  year    = {1933},
  pages   = {110--127},
  volume  = {6},
  doi     = {10.1007/s10714-008-0707-4},
}

@Article{Rubin:1970zza,
  author  = {Rubin, Vera C. and Ford, Jr., W. Kent},
  journal = {Astrophys. J.},
  title   = {{Rotation of the Andromeda Nebula from a Spectroscopic Survey of Emission Regions}},
  year    = {1970},
  pages   = {379--403},
  volume  = {159},
  doi     = {10.1086/150317},
}

@Article{Matsubara:1955ws,
  author  = {Matsubara, Takeo},
  journal = {Prog. Theor. Phys.},
  title   = {{A New approach to quantum statistical mechanics}},
  year    = {1955},
  pages   = {351--378},
  volume  = {14},
  doi     = {10.1143/PTP.14.351},
}

@Article{Martin:1959jp,
  author  = {Martin, Paul C. and Schwinger, Julian S.},
  journal = {Phys. Rev.},
  title   = {{Theory of many particle systems. 1.}},
  year    = {1959},
  pages   = {1342--1373},
  volume  = {115},
  doi     = {10.1103/PhysRev.115.1342},
  editor  = {Milton, K. A.},
}

@Article{Keldysh:1964ud,
  author  = {Keldysh, L. V.},
  journal = {Zh. Eksp. Teor. Fiz.},
  title   = {{Diagram technique for nonequilibrium processes}},
  year    = {1964},
  pages   = {1515--1527},
  volume  = {47},
}

@Article{Hindmarsh:2015qta,
  author        = {Hindmarsh, Mark and Huber, Stephan J. and Rummukainen, Kari and Weir, David J.},
  journal       = {Phys. Rev. D},
  title         = {{Numerical simulations of acoustically generated gravitational waves at a first order phase transition}},
  year          = {2015},
  number        = {12},
  pages         = {123009},
  volume        = {92},
  archiveprefix = {arXiv},
  doi           = {10.1103/PhysRevD.92.123009},
  eprint        = {1504.03291},
  primaryclass  = {astro-ph.CO},
  reportnumber  = {HIP-2015-13-TH},
}

@Article{Volonteri:2010wz,
  author        = {Volonteri, Marta},
  journal       = {Astron. Astrophys. Rev.},
  title         = {{Formation of Supermassive Black Holes}},
  year          = {2010},
  pages         = {279--315},
  volume        = {18},
  archiveprefix = {arXiv},
  doi           = {10.1007/s00159-010-0029-x},
  eprint        = {1003.4404},
  primaryclass  = {astro-ph.CO},
}

@Article{Shapiro:2004ud,
  author        = {Shapiro, Stuart L.},
  journal       = {Astrophys. J.},
  title         = {{Spin, accretion and the cosmological growth of supermassive black holes}},
  year          = {2005},
  pages         = {59--68},
  volume        = {620},
  archiveprefix = {arXiv},
  doi           = {10.1086/427065},
  eprint        = {astro-ph/0411156},
}

@Article{Volonteri:2006ma,
  author        = {Volonteri, Marta and Rees, M. J.},
  journal       = {Astrophys. J.},
  title         = {{Quasars at z=6: The survival of the fittest}},
  year          = {2006},
  pages         = {669--678},
  volume        = {650},
  archiveprefix = {arXiv},
  doi           = {10.1086/507444},
  eprint        = {astro-ph/0607093},
}

@Article{Tanaka:2008bv,
  author        = {Tanaka, Takamitsu and Haiman, Zoltan},
  journal       = {Astrophys. J.},
  title         = {{The Assembly of Supermassive Black Holes at High Redshifts}},
  year          = {2009},
  pages         = {1798--1822},
  volume        = {696},
  archiveprefix = {arXiv},
  doi           = {10.1088/0004-637X/696/2/1798},
  eprint        = {0807.4702},
  primaryclass  = {astro-ph},
}

@Article{Gouttenoire:2023gbn,
  author        = {Gouttenoire, Yann and Vitagliano, Edoardo},
  journal       = {Phys. Rev. D},
  title         = {{Primordial black holes and wormholes from domain wall networks}},
  year          = {2024},
  number        = {12},
  pages         = {123507},
  volume        = {109},
  archiveprefix = {arXiv},
  doi           = {10.1103/PhysRevD.109.123507},
  eprint        = {2311.07670},
  primaryclass  = {hep-ph},
}

@Article{Winkler:2024olr,
  author        = {Winkler, Martin Wolfgang and Freese, Katherine},
  title         = {{Origin of the Stochastic Gravitational Wave Background: First-Order Phase Transition vs. Black Hole Mergers}},
  year          = {2024},
  month         = {1},
  archiveprefix = {arXiv},
  eprint        = {2401.13729},
  primaryclass  = {astro-ph.CO},
  reportnumber  = {NORDITA-2024-002, UT-WI-02-2024},
}

@Article{Berlin:2023grv,
  author        = {Berlin, Asher and Blas, Diego and Tito D'Agnolo, Raffaele and Ellis, Sebastian A. R. and Harnik, Roni and Kahn, Yonatan and Sch\"utte-Engel, Jan and Wentzel, Michael},
  journal       = {Phys. Rev. D},
  title         = {{Electromagnetic cavities as mechanical bars for gravitational waves}},
  year          = {2023},
  number        = {8},
  pages         = {084058},
  volume        = {108},
  archiveprefix = {arXiv},
  doi           = {10.1103/PhysRevD.108.084058},
  eprint        = {2303.01518},
  primaryclass  = {hep-ph},
  reportnumber  = {FERMILAB-PUB-22-892-SQMS-T},
}

@Article{Baker:2017zwx,
  author        = {Baker, Michael J. and Breitbach, Moritz and Kopp, Joachim and Mittnacht, Lukas},
  journal       = {JHEP},
  title         = {{Dynamic Freeze-In: Impact of Thermal Masses and Cosmological Phase Transitions on Dark Matter Production}},
  year          = {2018},
  pages         = {114},
  volume        = {03},
  archiveprefix = {arXiv},
  doi           = {10.1007/JHEP03(2018)114},
  eprint        = {1712.03962},
  primaryclass  = {hep-ph},
  reportnumber  = {MITP/17-098, ZU-TH-37-17},
}

@Article{Schmitz:2020syl,
  author        = {Schmitz, Kai},
  journal       = {JHEP},
  title         = {{New Sensitivity Curves for Gravitational-Wave Signals from Cosmological Phase Transitions}},
  year          = {2021},
  pages         = {097},
  volume        = {01},
  archiveprefix = {arXiv},
  doi           = {10.1007/JHEP01(2021)097},
  eprint        = {2002.04615},
  primaryclass  = {hep-ph},
  reportnumber  = {CERN-TH-2020-018},
}

@Book{Weinberg:1996kr,
  author    = {Weinberg, Steven},
  publisher = {Cambridge University Press},
  title     = {{The quantum theory of fields. Vol. 2: Modern applications}},
  year      = {2013},
  isbn      = {978-1-139-63247-8, 978-0-521-67054-8, 978-0-521-55002-4},
  month     = {8},
  doi       = {10.1017/CBO9781139644174},
}

@Article{daCunha:2021wyy,
  author        = {da Cunha, Disrael Camargo Neves and Ringeval, Christophe},
  journal       = {JCAP},
  title         = {{Interferences in the Stochastic Gravitational Wave Background}},
  year          = {2021},
  pages         = {005},
  volume        = {08},
  archiveprefix = {arXiv},
  doi           = {10.1088/1475-7516/2021/08/005},
  eprint        = {2104.14231},
  primaryclass  = {astro-ph.CO},
}

@Article{Kosowsky:1992vn,
  author        = {Kosowsky, Arthur and Turner, Michael S.},
  journal       = {Phys. Rev. D},
  title         = {{Gravitational radiation from colliding vacuum bubbles: envelope approximation to many bubble collisions}},
  year          = {1993},
  pages         = {4372--4391},
  volume        = {47},
  archiveprefix = {arXiv},
  doi           = {10.1103/PhysRevD.47.4372},
  eprint        = {astro-ph/9211004},
  reportnumber  = {FERMILAB-PUB-92-295-A},
}

@Article{Schulze:2023ich,
  author        = {Schulze, Florian and Valbusa Dall'Armi, Lorenzo and Lesgourgues, Julien and Ricciardone, Angelo and Bartolo, Nicola and Bertacca, Daniele and Fidler, Christian and Matarrese, Sabino},
  journal       = {JCAP},
  title         = {{GW\_CLASS: Cosmological Gravitational Wave Background in the cosmic linear anisotropy solving system}},
  year          = {2023},
  pages         = {025},
  volume        = {10},
  archiveprefix = {arXiv},
  doi           = {10.1088/1475-7516/2023/10/025},
  eprint        = {2305.01602},
  primaryclass  = {gr-qc},
  reportnumber  = {ET-0151A-23, TTK-23-30},
}

@Article{Caprini:2007xq,
  author        = {Caprini, Chiara and Durrer, Ruth and Servant, Geraldine},
  journal       = {Phys. Rev. D},
  title         = {{Gravitational wave generation from bubble collisions in first-order phase transitions: An analytic approach}},
  year          = {2008},
  pages         = {124015},
  volume        = {77},
  archiveprefix = {arXiv},
  doi           = {10.1103/PhysRevD.77.124015},
  eprint        = {0711.2593},
  primaryclass  = {astro-ph},
  reportnumber  = {CERN-PH-TH-2007-206, SACLAY-T07-142},
}

@Article{Agazie:2024jbf,
  author        = {Agazie, Gabriella and others},
  title         = {{The NANOGrav 15 yr Data Set: Looking for Signs of Discreteness in the Gravitational-wave Background}},
  year          = {2024},
  month         = {4},
  archiveprefix = {arXiv},
  eprint        = {2404.07020},
  primaryclass  = {astro-ph.HE},
}

@Article{Freedman:2024eph,
  author        = {Freedman, Wendy L. and Madore, Barry F. and Jang, In Sung and Hoyt, Taylor J. and Lee, Abigail J. and Owens, Kayla A.},
  title         = {{Status Report on the Chicago-Carnegie Hubble Program (CCHP): Three Independent Astrophysical Determinations of the Hubble Constant Using the James Webb Space Telescope}},
  year          = {2024},
  month         = {8},
  archiveprefix = {arXiv},
  eprint        = {2408.06153},
  primaryclass  = {astro-ph.CO},
}

@Article{Clowe:2006eq,
  author        = {Clowe, Douglas and Bradac, Marusa and Gonzalez, Anthony H. and Markevitch, Maxim and Randall, Scott W. and Jones, Christine and Zaritsky, Dennis},
  journal       = {Astrophys. J. Lett.},
  title         = {{A direct empirical proof of the existence of dark matter}},
  year          = {2006},
  pages         = {L109--L113},
  volume        = {648},
  archiveprefix = {arXiv},
  doi           = {10.1086/508162},
  eprint        = {astro-ph/0608407},
  reportnumber  = {SLAC-PUB-12078},
}

@Article{Harvey:2015hha,
  author        = {Harvey, David and Massey, Richard and Kitching, Thomas and Taylor, Andy and Tittley, Eric},
  journal       = {Science},
  title         = {{The non-gravitational interactions of dark matter in colliding galaxy clusters}},
  year          = {2015},
  pages         = {1462--1465},
  volume        = {347},
  archiveprefix = {arXiv},
  doi           = {10.1126/science.1261381},
  eprint        = {1503.07675},
  primaryclass  = {astro-ph.CO},
}

@Article{Robertson:2016qef,
  author        = {Robertson, Andrew and Massey, Richard and Eke, Vincent},
  journal       = {Mon. Not. Roy. Astron. Soc.},
  title         = {{Cosmic particle colliders: simulations of self-interacting dark matter with anisotropic scattering}},
  year          = {2017},
  number        = {4},
  pages         = {4719--4730},
  volume        = {467},
  archiveprefix = {arXiv},
  doi           = {10.1093/mnras/stx463},
  eprint        = {1612.03906},
  primaryclass  = {astro-ph.CO},
}

@Article{vanWaerbeke:2000rm,
  author        = {van Waerbeke, Ludovic and others},
  journal       = {Astron. Astrophys.},
  title         = {{Detection of correlated galaxy ellipticities on CFHT data: First evidence for gravitational lensing by large scale structures}},
  year          = {2000},
  pages         = {30--44},
  volume        = {358},
  archiveprefix = {arXiv},
  eprint        = {astro-ph/0002500},
}

@Article{Bacon:2000sy,
  author        = {Bacon, David J. and Refregier, Alexandre R. and Ellis, Richard S.},
  journal       = {Mon. Not. Roy. Astron. Soc.},
  title         = {{Detection of weak gravitational lensing by large-scale structure}},
  year          = {2000},
  pages         = {625},
  volume        = {318},
  archiveprefix = {arXiv},
  doi           = {10.1046/j.1365-8711.2000.03851.x},
  eprint        = {astro-ph/0003008},
}

@Article{Wittman:2000tc,
  author        = {Wittman, David M. and Tyson, J. Anthony and Kirkman, David and Dell'Antonio, Ian and Bernstein, Gary},
  journal       = {Nature},
  title         = {{Detection of weak gravitational lensing distortions of distant galaxies by cosmic dark matter at large scales}},
  year          = {2000},
  pages         = {143--149},
  volume        = {405},
  archiveprefix = {arXiv},
  doi           = {10.1038/35012001},
  eprint        = {astro-ph/0003014},
}

@Article{Massey:2010hh,
  author        = {Massey, Richard and Kitching, Thomas and Richard, Johan},
  journal       = {Rept. Prog. Phys.},
  title         = {{The dark matter of gravitational lensing}},
  year          = {2010},
  pages         = {086901},
  volume        = {73},
  archiveprefix = {arXiv},
  doi           = {10.1088/0034-4885/73/8/086901},
  eprint        = {1001.1739},
  primaryclass  = {astro-ph.CO},
}

@Article{Bernardo:2022xzl,
  author        = {Bernardo, Reginald Christian and Ng, Kin-Wang},
  journal       = {JCAP},
  title         = {{Pulsar and cosmic variances of pulsar timing-array correlation measurements of the stochastic gravitational wave background}},
  year          = {2022},
  pages         = {046},
  volume        = {11},
  archiveprefix = {arXiv},
  doi           = {10.1088/1475-7516/2022/11/046},
  eprint        = {2209.14834},
  primaryclass  = {gr-qc},
}

@Article{Bernardo:2023mxc,
  author        = {Bernardo, Reginald Christian and Ng, Kin-Wang},
  journal       = {Phys. Rev. D},
  title         = {{Constraining gravitational wave propagation using pulsar timing array correlations}},
  year          = {2023},
  number        = {10},
  pages         = {L101502},
  volume        = {107},
  archiveprefix = {arXiv},
  doi           = {10.1103/PhysRevD.107.L101502},
  eprint        = {2302.11796},
  primaryclass  = {gr-qc},
}

@Article{Mazumdar:2018dfl,
  author        = {Mazumdar, Anupam and White, Graham},
  journal       = {Rept. Prog. Phys.},
  title         = {{Review of cosmic phase transitions: their significance and experimental signatures}},
  year          = {2019},
  number        = {7},
  pages         = {076901},
  volume        = {82},
  archiveprefix = {arXiv},
  doi           = {10.1088/1361-6633/ab1f55},
  eprint        = {1811.01948},
  primaryclass  = {hep-ph},
}

@Article{vonHarling:2017yew,
  author        = {von Harling, Benedict and Servant, Geraldine},
  journal       = {JHEP},
  title         = {{QCD-induced Electroweak Phase Transition}},
  year          = {2018},
  pages         = {159},
  volume        = {01},
  archiveprefix = {arXiv},
  doi           = {10.1007/JHEP01(2018)159},
  eprint        = {1711.11554},
  primaryclass  = {hep-ph},
  reportnumber  = {DESY-17-056},
}

@Article{Bruggisser:2018mrt,
  author        = {Bruggisser, Sebastian and Von Harling, Benedict and Matsedonskyi, Oleksii and Servant, G\'eraldine},
  journal       = {JHEP},
  title         = {{Electroweak Phase Transition and Baryogenesis in Composite Higgs Models}},
  year          = {2018},
  pages         = {099},
  volume        = {12},
  archiveprefix = {arXiv},
  doi           = {10.1007/JHEP12(2018)099},
  eprint        = {1804.07314},
  primaryclass  = {hep-ph},
  reportnumber  = {DESY-17-229},
}

@Article{Bruggisser:2022rdm,
  author        = {Bruggisser, Sebastian and von Harling, Benedict and Matsedonskyi, Oleksii and Servant, Geraldine},
  journal       = {JHEP},
  title         = {{Status of electroweak baryogenesis in minimal composite Higgs}},
  year          = {2023},
  pages         = {012},
  volume        = {08},
  archiveprefix = {arXiv},
  doi           = {10.1007/JHEP08(2023)012},
  eprint        = {2212.11953},
  primaryclass  = {hep-ph},
  reportnumber  = {DESY-22-209},
}

@Article{Baldes:2021aph,
  author        = {Baldes, Iason and Gouttenoire, Yann and Sala, Filippo and Servant, G\'eraldine},
  journal       = {JHEP},
  title         = {{Supercool composite Dark Matter beyond 100 TeV}},
  year          = {2022},
  pages         = {084},
  volume        = {07},
  archiveprefix = {arXiv},
  doi           = {10.1007/JHEP07(2022)084},
  eprint        = {2110.13926},
  primaryclass  = {hep-ph},
  reportnumber  = {ULB-TH/21-17; DESY 21-172, ULB-TH/21-17, DESY 21-172},
}

@Comment{jabref-meta: databaseType:bibtex;}
